1811 3256
89 203 135 248 C.
172 199 252 248 64.
490 219 548 250 DE
575 219 792 255 urc'rloxss
819 219 1030 253 Poe-rim*
1344 205 1439 251 515

218 339 344 385 dubie
381 339 614 401 occupabit.
682 340 888 386 Dominus

216 421 358 481 populi
395 422 564 481 egregia
599 422 678 466 vita
714 422 879 466 fruitur.

83 513 258 562 Harrz'
286 516 368 561 sive
397 515 581 576 berra,
619 524 666 562 ut
692 518 834 562 Arnor
860 515 1033 561 cecinit:

213 598 419 642 Dominus
455 598 740 658 Hjaltlandiae,
778 598 846 659 qui
883 597 1096 643 hominum

212 678 524 723 strenuissimus
561 685 646 737 est,
684 679 723 724 in
760 679 903 740 quovis
940 679 1106 739 fragore

211 759 444 817 gladiorum
479 760 646 804 victoria
682 761 837 820 potitus
875 766 953 805 est.

209 841 339 884 Poeta
374 842 545 899 gloriam
581 841 773 901 principis
809 842 1009 886 extollere
1043 842 1171 902 cupit.

76 937 261 996 Dynasta
294 935 442 980 dicitur
469 934 693 995 leertoyi,
740 943 783 981 et
809 953 880 981 rex
909 954 1078 999 quoque
1107 938 1164 983 sic
1184 939 1431 999 appellatur,

77 1031 128 1060 eo
148 1016 262 1078 quod
292 1018 518 1061 exercitum
545 1016 597 1061 ad
624 1033 808 1077 pugnam
836 1018 962 1063 ducit.
1033 1019 1099 1064 Sic
1128 1019 1275 1064 cecinit
1293 1020 1431 1065 Thio-

77 1096 245 1143 dolvus:

204 1179 262 1223 Et
297 1194 523 1239 oppressor
560 1178 711 1223 ducum
749 1185 868 1240 capto

205 1259 408 1320 accipitris
446 1260 637 1305 emissori
673 1260 822 1304 oculos¹

204 1356 255 1384 ex
291 1341 422 1401 capite
459 1340 587 1385 effodi
615 1340 755 1400 jussit.

200 1420 304 1480 Ejus
340 1437 418 1481 ego
455 1421 621 1466 laudem
656 1422 838 1482 profero.

72 1511 293 1561 Sinnior
319 1517 403 1562 sive
431 1524 629 1578 senior,
666 1524 714 1562 ut
741 1518 961 1578 Sighvatus
990 1518 1161 1564 cecinit:

202 1598 383 1643 Domine
419 1597 662 1658 Norvegiae!
715 1600 778 1644 sac
813 1615 918 1659 age,

201 1679 330 1723 miser
363 1695 482 1741 aeque
520 1695 567 1724 ac
600 1680 749 1725 beatus
785 1680 865 1724 tuis
902 1696 953 1725 ex

202 1760 364 1819 legibus
400 1761 623 1805 utilitatem
658 1760 872 1820 percipiat.
941 1760 1090 1806 Fidem

202 1855 345 1900 serva,
383 1848 425 1886 et
459 1856 610 1900 magna
645 1856 818 1885 munera
854 1839 928 1885 da!

68 1932 353 1995 Milqur,
391 1943 438 1981 ut
462 1937 628 1982 Marcus
657 1936 824 1981 cecinit:

199 2018 289 2061 Rex
325 2017 505 2061 liberalis
541 2016 634 2076 igne
670 2032 745 2077 per
780 2023 938 2062 terram
972 2018 1195 2064 barbaram

199 2104 411 2157 grassatus
448 2104 526 2143 est.
596 2099 703 2142 Tum
739 2098 832 2142 viris
868 2099 1071 2144 moriendi
1106 2101 1330 2146 necessitas

199 2179 358 2224 accidit.
431 2181 670 2239 Oppressor
702 2186 938 2240 raptorum,
976 2180 1222 2227 altissimum

200 2259 307 2319 ignis
344 2260 612 2320 splendorem
647 2260 699 2304 ad
733 2260 951 2306 meridiem
986 2261 1026 2305 in
1051 2262 1189 2307 Jomio
1218 2263 1420 2309 excitasti.

64 2424 90 2456 i.
118 2434 147 2457 e.
174 2425 217 2456 ek
243 2424 331 2456 hellt
362 2424 403 2455 nii
432 2424 516 2465 mal,
548 2422 778 2466 promissum
804 2426 980 2465 servavi,
1017 2427 1125 2468 fidem
1151 2427 1332 2468 liberavi,
1358 2432 1421 2462 vel

66 2496 214 2519 carmen
247 2487 293 2518 ad
320 2487 429 2527 finem
453 2484 631 2527 perduoei.
655 2503 700 2508 —
738 2485 782 2527 13)
809 2487 866 2519 sic
892 2488 1077 2529 dedimus-3
1117 2490 1159 2521 ek
1185 2490 1268 2531 sva,
1306 2490 1417 2534 Ray„

65 2548 165 2588 7573
190 2548 232 2578 ek
260 2547 324 2586 nii,
351 2546 429 2591 lep‘.
458 2565 499 2568 —-
537 2544 582 2587 ¹⁴¹)
610 2555 676 2578 om.
704 2547 791 2579 757.
824 2566 867 2572 —
899 2549 947 2590 ¹⁵)
975 2550 1060 2581 Hkr.
1089 2550 1264 2583 Historia
1290 2552 1418 2594 Maqm'

65 2608 151 2639 bom·
177 2618 255 2650 cap.
283 2608 350 2640 25.
377 2614 445 2642 sir.
471 2608 508 2640 2.
535 2607 658 2648 refert
688 2609 755 2641 hos
787 2619 924 2642 versus
958 2611 1005 2643 ad
1028 2612 1212 2644 Arnorem
1245 2617 1282 2644 et
1306 2622 1417 2645 enco-

63 2668 178 2701 mium
204 2669 244 2701 in
258 2669 432 2712 Magnetem
460 2670 602 2708 bonum,
628 2668 748 2711 R.N.;
775 2680 848 2703 non
876 2672 1125 2705 inveniuntur
1149 2673 1189 2705 hi
1214 2683 1350 2706 versu-*5
1376 2672 1415 2703 iu

63 2729 295 2772 Eiriksdrfipa
320 2730 440 2763 Marci
464 2729 629 2772 Skeqyii,
656 2730 770 2773 Knytl.
798 2742 826 2764 s.
848 2743 927 2777 cap.
955 2734 1118 2767 70-81.
1152 2753 1195 2757 —
1223 2733 1268 2777 ¹⁶)
1296 2735 1415 2775 hausta,

64 2792 142 2834 lep‘.
168 2811 211 2814 -—
242 2792 292 2834 ¹⁷)
320 2792 430 2831 Romi,
458 2792 629 2831 Wclmre..
654 2792 732 2836 Ῑεβ.

1083 2868 1152 2898 33*
