1811 3256
72 204 119 246 C.
156 200 234 245 53.
476 219 535 250 nn
563 219 780 251 nlc'rioxss
805 217 1014 252 PonricA.
1328 201 1425 248 457

70 355 169 384 vero
188 340 226 383 in
246 355 326 384 una
347 346 457 384 terra
475 339 603 384 multa
631 338 712 383 sint
729 338 951 397 territoria,
988 338 1250 384 consuetudo
1276 356 1424 400 regum

70 427 150 479 est,
188 427 235 464 ut
248 419 410 478 judices
430 420 659 481 praeficiant
686 426 748 464 tot
771 418 1005 477 territoriis,
1044 425 1147 479 quot
1176 435 1323 465 eorum
1343 438 1425 481 po-

69 501 208 545 testati
233 501 508 560 subjecerint,
546 500 617 561 qui
645 498 851 558 (judices)
880 514 1074 544 sermone
1099 501 1260 545 Danico
1297 501 1425 547 duces

69 587 142 625 aut
160 582 344 641 praesecti
363 581 631 642 provinciales
651 580 857 639 dicuntur,
894 580 934 623 in
955 580 1132 625 Saxonia
1152 582 1348 642 comites,
1386 583 1426 627 in

67 662 218 722 Anglia
244 662 424 707 barones
437 673 471 707 a,
535 660 667 707 Iidem
694 660 866 720 legitimi
888 660 1050 720 judices
1078 669 1120 706 et
1142 662 1244 721 justi
1273 662 1426 707 desen-

69 758 187 787 sores
208 743 443 803 provinciae,
481 743 667 803 ipsorum
687 741 1028 787 administrationi
1048 744 1294 802 commissae,
1332 759 1425 788 esse

68 822 240 868 debent.
291 825 411 883 Rege
430 840 512 868 non
532 829 756 884 praesente,
783 822 845 867 his
864 824 1056 868 vexillum
1079 824 1118 869 in
1137 825 1291 885 proeliis
1311 840 1427 885 prae-

70 904 291 949 serendum
310 910 390 963 est,
410 911 584 965 tumque
604 920 723 965 aeque
743 904 916 964 legitimi
938 904 1064 950 duces
1085 906 1290 950 exercitus
1312 912 1423 965 sunt,

68 1000 116 1029 ac
133 1001 256 1045 reges
276 991 349 1030 aut
367 985 565 1046 dynastae.

199 1089 276 1134 His
295 1089 472 1150 proximi
492 1094 589 1133 sunt
607 1088 694 1147 viri,
731 1089 991 1149 proprietarii
1010 1088 1123 1147 dicti,
1159 1090 1185 1134 i.
1206 1105 1244 1134 e.
1272 1089 1425 1150 coloni,

67 1170 232 1230 generis
252 1169 521 1230 amplitudine
542 1175 583 1213 et
601 1170 725 1229 pleno
740 1169 835 1228 jure
849 1170 1161 1230 privilegiorum
1176 1170 1425 1230 gaudentes.

66 1253 157 1295 Hos
184 1251 240 1295 ita
271 1251 367 1295 licet
393 1250 681 1308 denominare,
716 1257 764 1295 ut
789 1251 1052 1311 appellentur
1076 1250 1243 1296 datores
1274 1257 1316 1296 et
1343 1267 1424 1296 cu-

67 1331 209 1377 stodes
230 1332 415 1392 pecuniae
435 1338 477 1376 et
497 1331 711 1376 hominum
730 1332 1090 1391 reconciliatores3
1111 1331 1263 1393 quibus
1284 1332 1424 1377 deno-

65 1413 358 1458 minationibus
379 1413 502 1457 etiam
521 1412 724 1473 principes
745 1414 1025 1458 circumscribi
1044 1420 1235 1474 possunt.
1284 1416 1424 1473 Reges

67 1501 109 1539 et
128 1494 312 1555 dynastae
332 1495 504 1539 comites
526 1495 602 1539 sibi
622 1493 855 1540 adsciscere
875 1495 1010 1539 solent
1029 1495 1153 1554 viros,
1176 1495 1246 1556 qui
1266 1493 1425 1554 (satel-

66 1575 184 1635 lites)
215 1575 331 1620 aulici
359 1582 400 1620 et
427 1574 644 1620 domestici
673 1582 894 1634 vocantur3
931 1576 1114 1636 praesecti
1132 1592 1231 1620 vero
1252 1576 1424 1636 provin-

66 1657 189 1701 ciales
219 1656 344 1701 etiam
373 1655 528 1701 habent
555 1657 663 1701 viros
693 1657 770 1701 sibi
797 1656 1008 1716 addictos,
1056 1657 1128 1715 qui
1156 1657 1196 1701 in
1220 1657 1354 1701 Dania
1382 1664 1424 1702 et

68 1738 211 1782 Svecia
230 1737 365 1797 aulici,
394 1737 434 1781 in
452 1738 660 1797 Norvegia
688 1737 903 1782 domestici
923 1738 1196 1798 appellantur,
1224 1744 1424 1782 ettamen

68 1824 375 1863 sacramentum
395 1817 551 1877 dicunt,
587 1825 634 1862 ut
660 1818 831 1877 regibus
852 1818 1047 1862 satellites
1069 1819 1202 1863 aulici.
1252 1820 1422 1864 Dome-

67 1900 156 1943 stici
175 1899 279 1958 regii
297 1899 441 1959 priscis
461 1898 721 1959 temporibus
742 1900 830 1943 fere
850 1898 969 1942 aulici
988 1899 1179 1960 appellati
1199 1906 1310 1945 sunt.
1357 1900 1423 1944 Sic

67 1980 215 2025 cecinit
235 1979 491 2024 Thorvaldus
510 1979 864 2039 Blandae—po'eta:

199 2084 340 2140 Salve,
376 2098 473 2142 rex,
509 2098 605 2126 acer
640 2084 816 2143 proeliis,
852 2084 996 2144 tuique

199 2165 399 2209 satellites
436 2163 649 2208 domestici
686 2164 873 2209 animosi.

198 2246 400 2290 Homines
437 2260 603 2288 carmen
637 2261 803 2304 meum,
840 2245 893 2290 ad
928 2246 1093 2292 laudem

203 2327 503 2387 compositum,
543 2341 615 2369 ore
651 2326 878 2372 celebrant.

65 2522 106 2555 in
133 2522 221 2565 Ray.
247 2523 322 2554 1ι.ἰ.
348 2521 551 2553 lwrskallar
575 2520 770 2562 scriptum.
794 2540 838 2545 —
869 2520 915 2565 ¹²)
941 2522 1031 2566 Rey.
1059 2524 1093 2556 Ιι.
1109 2525 1132 2559 ἰ.
1159 2525 1296 2558 scribit
1320 2526 1421 2557 forn-

68 2593 161 2616 escv.
185 2603 230 2607 —
262 2583 312 2625 ¹³)
339 2583 397 2616 sic
423 2584 474 2625 W,
504 2583 557 2624 U3
582 2582 718 2622 snjallr,
744 2583 849 2627 Ray„
873 2593 991 2625 prave
1016 2585 1050 2617 Ιι.
1077 2586 1101 2618 l.

135 2666 176 2709 a)
195 2668 276 2700 Haec
302 2667 430 2709 scripta
456 2677 534 2698 esse
558 2665 718 2699 videntur·
742 2670 820 2699 ante
845 2678 968 2700 annum
998 2668 1167 2712 1276—7‚
1193 2681 1255 2712 quo
1270 2672 1419 2709 Magnus

66 2730 197 2769 Legum
224 2729 441 2767 emendator,
468 2728 512 2760 R.
538 2729 593 2770 N„
620 2728 790 2770 praefectis
819 2730 1080 2772 provincialibus
1108 2734 1275 2763 Bai-onum
1301 2730 1421 2762 titulos

68 2790 249 2829 concessit,
275 2790 350 2822 vide
376 2790 492 2822 Vitam
519 2789 616 2822 Arnii
646 2789 813 2833 episcopi,
841 2792 891 2824 ed.
918 2794 1026 2825 Havn.
1057 2793 1168 2833 1520„
1194 2803 1269 2835 pag.
1294 2793 1349 2824 33.
