1811 3256
98 191 146 237 C.
183 187 263 236 49.
483 205 783 240 LUDIFICATIO
811 206 1069 240 creviam-A,
1363 192 1451 238 177

230 330 327 374 Asae
356 343 453 372 vero
482 329 692 374 sublatum
716 328 838 372 sunus
857 327 1022 372 Balderi
1042 327 1094 372 ad
1114 345 1228 374 mare
1250 330 1453 391 deporta-

96 416 209 455 runt.
279 409 584 468 Hringhornius
613 424 765 453 nomen
794 414 884 453 erat
912 408 1003 452 navi
1029 409 1216 470 Balderi,
1270 413 1453 457 omnium

96 491 261 536 navium
296 490 496 549 maxima,
556 491 662 535 hanc
679 489 748 534 Dii
767 488 1002 549 deducere,
1040 496 1086 534 ut
1113 491 1153 534 in
1183 507 1231 536 ea
1258 494 1454 537 crematio

97 573 264 617 Balderi
284 573 420 629 fieret,
441 587 570 632 quum
588 571 756 629 vellent,
778 586 983 630 nusquam
1003 571 1273 631 procedebat.
1312 575 1455 628 Quare

98 669 236 710 oreas,
273 653 438 697 nomine
457 651 746 712 Hyrrokkina,
785 667 834 695 ex
853 652 1131 697 Jotunheimis
1151 654 1348 698 arcessita
1368 661 1454 708 est;

97 750 191 795 quae
204 733 535 795 quumvenisset,
557 732 656 791 lupo
675 738 791 777 vecta
812 739 854 777 et
872 740 1066 793 serpente
1087 750 1161 794 pro
1172 735 1344 779 habenis
1365 751 1454 792 usa,

98 832 207 877 equo
229 816 464 875 (jumento,
491 829 574 874 quo
593 813 848 873 vehebatur)
869 813 1040 872 desiliit3
1087 815 1199 861 Odin
1227 831 1325 860 vero
1346 832 1456 877 qua-

96 904 193 942 tuor
218 897 392 941 athletas
421 894 597 939 furiosos
619 894 897 954 (Berserkos)
924 895 1163 955 advocavit,
1219 903 1265 941 ut
1300 912 1456 957 equum

98 977 376 1034 custodirent,
415 991 539 1036 quem
575 975 650 1019 nisi
687 975 800 1020 humi
834 984 1089 1037 prostratum
1125 978 1339 1022 continere
1374 993 1456 1022 non

97 1064 340 1119 potuerunt.
411 1058 518 1101 Tum
537 1057 803 1117 Hyrrokkina
829 1058 869 1101 in
897 1074 1065 1118 proram
1092 1074 1268 1120 corpore
1288 1059 1455 1103 incum-

96 1139 216 1196 bens,
254 1138 462 1198 navigium
481 1139 615 1198 primo
643 1138 735 1182 nisu
755 1140 953 1199 propulit,
991 1146 1106 1184 tanta
1125 1140 1178 1198 vi,
1206 1146 1253 1184 ut
1278 1140 1384 1200 ignis
1406 1155 1456 1184 ex

99 1220 269 1266 scutulis
298 1226 592 1278 excuteretur,
642 1235 873 1280 omnesque
909 1227 1032 1265 terrae
1068 1220 1455 1266 contremiscerent.

97 1304 241 1357 Quare
276 1301 336 1345 ira
372 1316 570 1345 accensus
597 1301 732 1359 Thor,
780 1302 978 1347 malleum
1015 1302 1210 1363 arripuit,
1248 1308 1456 1363 caputque

97 1383 186 1443 ejus
207 1382 496 1440 confregisset,
517 1382 594 1426 nisi
613 1383 794 1426 universi
813 1383 882 1427 Dii
901 1400 976 1444 pro
998 1399 1046 1428 ea
1067 1383 1278 1444 deprecati
1299 1390 1455 1428 essent.

97 1466 205 1509 Tum
225 1479 376 1524 corpus
386 1463 552 1507 Balderi
571 1463 610 1507 in
631 1479 777 1508 navem
797 1471 861 1509 est
879 1471 1107 1525 portatum,
1128 1481 1211 1526 quo
1231 1471 1456 1524 conspecto

95 1561 201 1590 uxor
227 1545 316 1604 ejus
342 1546 509 1603 Nanna,
546 1545 652 1605 Nepi
678 1545 781 1605 filia,
826 1546 949 1590 animi
984 1560 1165 1590 moerore
1200 1552 1322 1606 rupta
1347 1545 1457 1590 diem

98 1626 222 1683 obiit3
260 1627 340 1686 qua
359 1625 398 1669 in
418 1641 560 1686 pyram
578 1626 724 1686 inlata,
760 1627 864 1687 ignis
883 1643 989 1687 rogo
1009 1627 1221 1687 subjectus
1243 1633 1319 1671 est.
1359 1629 1456 1682 Quo

97 1707 203 1751 sacto
224 1707 337 1751 Thor
355 1706 580 1752 accedebat
599 1714 641 1752 et
657 1723 807 1767 rogum
824 1708 1028 1768 Mj‘olnere
1049 1708 1317 1753 consecravit.
1371 1707 1456 1752 Sed

97 1794 191 1832 ante
212 1787 339 1848 pedes
359 1787 448 1846 ejus
469 1788 648 1832 cucurrit
666 1804 796 1833 nanus
816 1789 1000 1849 quidam,
1037 1789 1107 1850 qui
1124 1789 1242 1833 Litus
1261 1789 1455 1833 nomina-

96 1876 164 1914 tur
174 1885 185 1927 3
222 1869 330 1913 1111110
349 1869 463 1913 Thor
489 1868 664 1929 pedibus
693 1870 916 1929 impulsum
943 1870 983 1914 111
1010 1870 1149 1930 ignem
1182 1870 1456 1931 proturbavit,

96 1951 167 1995 ubi
183 1951 424 1995 combustus
446 1955 523 1994 est.
593 1951 713 1994 Hanc
739 1952 1035 1996 cremationem
1060 1952 1291 1996 multifariae
1309 1958 1456 2011 gentes

96 2031 456 2076 concelebrarunt.
542 2031 681 2076 Primo
717 2031 991 2076 nominandus
1030 2039 1094 2077 est
1131 2032 1242 2078 Odin
1264 2066 1275 2091 ,
1329 2048 1456 2094 quem

95 2113 270 2173 Frigga,
315 2112 519 2173 Valkyriae
540 2111 790 2172 (caesilegae)
819 2119 861 2157 et
880 2113 990 2157 corvi
1010 2112 1099 2172 ejus
1124 2113 1454 2171 comitabantur,

95 2194 254 2254 Freyus
275 2209 400 2238 curru
425 2200 567 2238 vectus
588 2200 674 2252 est,
713 2209 812 2254 apro
837 2194 1003 2254 juncto,
1041 2199 1110 2256 qui
1132 2195 1454 2240 Gullinburstius

97 2275 180 2319 sive
201 2274 534 2334 Slidrugtannius
554 2281 745 2334 vocatur,
782 2275 1045 2321 Heimdallus
1066 2292 1192 2338 equo,
1231 2276 1454 2335 Gulltoppo

97 2355 221 2415 dicto,
243 2356 494 2413 vehebatur3
530 2357 661 2417 Freya
681 2372 779 2401 vero
800 2357 948 2402 felibus
969 2358 1069 2402 suis.
1122 2355 1287 2403 Eodem
1305 2371 1453 2415 magna

97 2436 293 2481 confluxit
310 2437 532 2481 multitudo
552 2437 764 2497 gigantum
785 2438 1076 2497 pruinosorum
1089 2446 1130 2483 ct
1147 2444 1452 2482 montanorum.

98 2517 206 2562 Odin
226 2534 329 2577 rogo
349 2519 545 2579 imposuit
572 2519 767 2563 annulum
788 2535 987 2577 aureum,
1024 2520 1093 2581 qui
1112 2522 1309 2579 Dropner
1327 2532 1455 2561 voca-

99 2663 190 2694 sotto
219 2674 262 2698 m.
287 2662 425 2710 pjooir,
456 2664 501 2700 H.
537 2684 582 2689 —
625 2664 671 2707 12)
698 2666 932 2710 Sligrutanni,
977 2668 1025 2709 U,
1059 2666 1105 2699 H-
1141 2685 1182 2690 —
1223 2664 1268 2708 i⁸⁹²)
1306 2666 1345 2697 (50
1380 2662 1452 2708 ‘'31‘’

102 2723 183 2755 add.
211 2723 257 2756 H.
284 2743 328 2748 —
365 2724 413 2765 ¹⁴²)
449 2726 627 2768 bei-grisa,
661 2728 713 2762 W.

1154 2789 1193 2820 12
