1811 3256
79 198 128 243 C.
164 193 337 242 44-45.
461 210 766 245 nominem-10
792 211 1044 244 Grnvmm.
1343 194 1434 242 145

79 349 198 394 lonus
210 355 428 409 correptus
449 348 587 405 suerit,
609 362 737 408 quum
750 347 932 390 Thorem
943 346 1228 405 conspexisset
1239 349 1432 408 superci-

79 430 131 473 lia
151 429 205 474 ob
233 430 378 474 oculos
407 428 718 473 demittentem:
756 426 1003 487 quantulum
1031 427 1138 470 enim
1167 443 1330 489 cunque
1351 445 1431 489 ap-

11 535 14 539 *
78 510 254 570 parebat
273 512 508 562 oculorum,
540 508 715 569 putabat
734 522 777 551 se
797 522 881 566 prae
903 507 989 550 sola
1010 508 1095 551 acie
1116 508 1317 552 luminum
1338 511 1432 553 col-

79 592 317 651 lapsurum3
354 592 421 635 ille
454 607 552 635 vero
584 588 743 647 (Thor)
773 587 1040 632 manubrium
1067 589 1205 633 mallei
1240 590 1432 634 manibus

78 672 282 717 violenter
301 671 616 732 comprimebat,
654 669 709 713 ita
737 676 784 713 ut
803 668 964 728 condyli
984 668 1209 727 digitorum
1235 669 1433 714 albesce-

75 758 186 797 rent.
255 754 372 798 Fecit
391 759 530 797 autem
552 751 741 808 colonus,
778 749 820 793 id
837 749 949 810 quod
972 765 1070 794 vero
1091 756 1181 794 erat
1200 751 1349 808 simile,
1385 757 1435 795 ut

78 850 224 878 omnes
247 833 462 879 domestici
488 833 759 877 vehementer
790 831 1094 889 exclamarent,
1132 847 1276 891 pacem
1296 847 1433 892 expo-

79 922 245 960 scerent
264 915 355 965 sibi„
393 913 530 958 omnia
551 927 645 973 quae
671 910 936 972 possiderent
954 912 993 956 in
1021 913 1341 957 satisfactionem
1362 913 1432 957 of-

78 997 275 1041 ferentes.
320 996 395 1040 Ille
415 1010 530 1052 vero,
551 1009 679 1054 quum
700 1008 847 1037 eorum
865 993 1057 1037 timorem
1077 994 1259 1038 animum
1280 993 1434 1038 adver-

76 1085 203 1135 teret,
240 1078 381 1121 furore
401 1074 730 1132 defervescente,
767 1074 980 1133 mitigatus
1001 1081 1079 1132 est,
1118 1081 1159 1119 et
1182 1075 1329 1134 gratiae
1355 1091 1433 1119 re—

77 1156 343 1204 conciliandae
363 1171 509 1201 caussa
533 1156 692 1216 recepit
729 1155 883 1200 liberos
920 1170 1086 1213 eorum,
1134 1155 1365 1215 Thjalvium
1392 1162 1435 1202 et

76 1239 302 1296 Roskvam,
339 1237 408 1299 qui
429 1243 518 1281 tum
547 1237 640 1281 sacti
662 1244 759 1281 sunt
778 1237 925 1281 Thoris
954 1236 1094 1280 famuli
1122 1236 1328 1298 obsequio
1349 1237 1434 1282 ob-

75 1319 231 1377 stricti,
270 1318 394 1379 hique
422 1318 570 1363 exinde
598 1334 695 1362 eum
720 1324 926 1378 perpetuo
953 1318 1216 1362 comitantur.

141 1397 221 1445 45.
242 1400 413 1445 Relictis
434 1400 512 1444 hoc
532 1400 623 1444 loco
645 1399 793 1460 capris,
814 1400 893 1443 iter
912 1399 1117 1443 orientem
1136 1415 1279 1444 versus
1300 1399 1339 1444 in
1349 1401 1432 1444 .Ιό-

75 1480 313 1525 tunheimos
341 1480 393 1525 ad
428 1497 629 1525 oceanum
656 1497 790 1541 usque
817 1480 992 1541 incepit,
1040 1480 1298 1541 trajectoque
1327 1497 1433 1541 pro-

75 1561 204 1606 fundo
224 1562 293 1606 illo
314 1578 497 1621 oceano,
535 1577 665 1623 quum
686 1561 737 1606 ad
757 1568 912 1606 terram
934 1562 1192 1622 perveniret,
1233 1577 1431 1619 egressus

77 1649 142 1688 est
168 1659 248 1687 una
268 1659 361 1688 cum
380 1643 537 1702 Lokio,
576 1643 763 1702 Thjalvio
784 1650 825 1687 et
840 1643 1023 1688 Roskva.
1070 1643 1153 1696 Oui
1173 1659 1301 1704 quum
1321 1658 1432 1703 pau-

77 1723 206 1784 lisper
225 1731 366 1769 essent
384 1725 622 1784 progressi,
660 1724 699 1768 in
720 1731 877 1768 vastam
897 1724 1050 1784 sylvam
1071 1723 1430 1783 ingrediebantur,

76 1811 297 1865 totumque
324 1821 421 1849 eum
448 1804 558 1849 diem
586 1805 637 1849 ad
665 1805 860 1849 tenebras
890 1820 1024 1865 usque
1051 1804 1303 1849 ambulando
1323 1820 1431 1849 con-

75 1891 334 1930 sumserunt.
405 1885 631 1944 Thjalvius,
670 1886 740 1947 qui
761 1893 923 1930 ceteros
942 1886 1132 1930 homines
1154 1885 1307 1946 pedum
1328 1901 1432 1946 per-

75 1965 242 2010 nicitate
261 1966 501 2026 praestabat,
537 1967 758 2011 manticam
778 1967 925 2011 Thoris
944 1966 1155 2026 portabat,
1185 1973 1274 2011 erat
1292 1973 1434 2011 autem

75 2046 186 2091 haud
200 2062 321 2107 parva
342 2046 592 2091 cibariorum
614 2047 849 2093 difficultas.
886 2047 1088 2092 Tenebris
1109 2047 1282 2105 obortis,
1303 2064 1434 2109 quum

75 2128 212 2172 locum
232 2128 504 2189 pernoctandi
524 2129 600 2173 sibi
620 2135 880 2190 quaererent,
919 2129 1203 2174 deversorium
1223 2128 1434 2189 quoddam

76 2208 196 2253 valde
222 2224 425 2269 magnum
453 2209 723 2268 invenerunt,
767 2210 808 2254 in
845 2209 962 2269 cujus
998 2210 1128 2254 altera
1170 2210 1433 2254 extremitate

74 2296 195 2334 erant
213 2289 341 2348 sores,
372 2291 457 2351 pari
486 2306 579 2335 cum
598 2290 684 2351 ipsa
705 2290 793 2335 aede
819 2290 1059 2349 latitudine3
1097 2291 1162 2335 hic
1192 2290 1270 2336 sibi
1296 2291 1434 2335 locum

75 2371 348 2430 pernoctandi
369 2373 604 2432 elegerunt.
670 2372 808 2417 Media
829 2379 970 2417 autem
990 2378 1112 2416 nocte
1132 2372 1280 2431 ingens
1300 2371 1434 2415 extitit

76 2457 199 2496 terrae
219 2459 374 2512 motus,
412 2453 517 2498 adeo
546 2460 593 2498 ut
619 2460 731 2498 terra
751 2454 829 2499 sub
849 2453 1027 2514 pedibus
1048 2468 1196 2498 eorum
1217 2453 1432 2497 succussi-

76 2531 154 2576 bus
190 2534 400 2579 vacillaret
434 2534 630 2596 aedesque
667 2541 884 2580 tremeret.
956 2536 1063 2579 Tum
1100 2534 1281 2579 surrexit
1319 2533 1433 2576 Thor

78 2666 129 2704 W,
155 2665 200 2696 H·
227 2685 270 2689 *-
302 2666 350 2709 ¹¹)
377 2668 434 2700 sic
458 2667 569 2710 Req„
599 2669 645 2709 U,
670 2668 725 2709 H3
751 2668 944 2708 skukkum,
971 2667 1040 2709 id.7
1066 2669 1128 2710 W,·
1154 2666 1367 2706 skriekjum‚
1394 2664 1434 2705 S,

80 2727 188 2768 Res.‚·
216 2728 447 2769 skrykkinm,
485 2729 602 2762 Raslc.
627 2748 672 2753 —
702 2729 753 2771 12)
780 2730 928 2772 dymar,
970 2729 1024 2769 W,
1053 2730 1090 2771 U,
1117 2729 1204 2761 Res.
1235 2746 1272 2750 ·-
1301 2725 1350 2766 Π)
1377 2725 1433 2757 ³5⁶

78 2787 182 2830 Κεφ,
211 2786 264 2820 W.
292 2807 333 2811 —-
362 2788 404 2830 ¹⁴²)
430 2791 439 2822 i
468 2790 533 2831 frti,
559 2792 611 2824 W.

1134 2848 1173 2878 ΙΟ
