1811 3256
113 177 160 220 C.
192 172 270 219 42.
539 191 595 220 DE
624 190 840 221 nicrioxss
868 190 1080 220 pomum.
1372 178 1466 224 369

111 313 300 369 Bikkius,
329 311 461 372 magis
481 327 575 356 esse
595 317 936 368 consentaneum,
957 312 1222 359 Svanhildam
1243 317 1464 377 Randveri,

111 400 258 454 utpote
288 393 431 453 juveni
459 393 679 452 juvenem,
717 408 841 453 quam
866 393 1172 451 Jormunreko,
1211 397 1281 456 qui
1312 413 1464 457 magno

111 481 210 520 natu
230 480 334 533 erat,
355 474 532 519 nubere.
585 472 713 528 Quod
732 473 947 518 consilium
968 490 1097 534 quum
1118 476 1211 521 viris
1225 477 1463 536 junioribus

109 554 386 615 probaretur,
421 554 592 599 Bikkius
626 570 717 599 rem
753 553 805 598 ad
841 569 986 613 regem
1024 554 1205 615 detulit3
1242 574 1371 618 quare
1399 561 1464 606 hic

109 636 240 680 filium
261 635 558 696 comprehendi
579 641 621 680 et
638 634 689 679 ad
711 651 877 680 crucem
897 635 990 680 duci
1004 636 1143 696 jussit.
1196 639 1255 684 At
1269 640 1464 686 Randver

108 716 361 777 accipitrem,
399 718 466 778 qui
494 717 570 777 ipsi
600 723 704 774 erat,
741 724 907 776 captum
935 718 1084 762 evulsis
1106 719 1256 779 plumis
1277 720 1459 779 nudavit,

108 798 300 859 mittique
319 797 371 842 ad
390 804 551 858 patrem
564 797 712 858 jussit3
749 798 821 842 sed
843 798 1002 843 interea
1021 815 1250 860 suspensus
1272 808 1350 846 est.
1404 804 1460 848 Ut

106 893 205 923 vero
232 894 306 923 rex
332 878 638 924 Jormunrekus
674 880 912 940 accipitrem
949 880 1077 925 oculis
1112 881 1296 941 videret,
1333 883 1460 928 subiit

106 960 289 1004 animum
309 960 520 1019 cogitatio,
558 960 910 1021 quemadmodum
939 961 1134 1022 accipiter
1158 961 1209 1006 ad
1238 963 1456 1009 volandum

105 1040 270 1101 ineptus
297 1047 340 1086 et
365 1041 570 1102 implumis
599 1047 726 1099 esset,
765 1042 822 1086 sic
851 1042 1069 1102 imperium
1097 1059 1219 1087 suum
1249 1045 1454 1101 vacillare,

104 1121 216 1183 quod
237 1122 325 1183 ipse
344 1129 457 1167 esset
475 1138 625 1182 magno
645 1128 745 1166 natu
765 1129 806 1167 et
826 1123 910 1167 filio
930 1123 1117 1168 orbatus.
1185 1125 1297 1170 Hinc
1326 1141 1453 1186 quum

102 1217 175 1246 rex
193 1203 499 1248 Jormunrekus
528 1203 668 1247 aulicis
698 1203 909 1264 equitibus
938 1204 1157 1249 comitatus
1180 1221 1230 1250 ex
1250 1207 1357 1267 sylva
1378 1222 1454 1251 ve-

102 1289 201 1328 natu
232 1283 412 1343 advenit,
445 1285 483 1329 hi
514 1285 553 1328 in
582 1285 768 1344 reginam
789 1285 1069 1344 Svanhildam,
1100 1286 1139 1330 in
1165 1271 1453 1347 capillamento

102 1380 179 1408 suo
214 1365 386 1409 lavando
423 1371 700 1425 occupatam,
747 1365 935 1411 admissis
975 1367 1148 1412 habenis
1194 1368 1452 1421 involarunt,

100 1461 278 1506 eamque
307 1447 474 1506 ungulis
503 1462 708 1508 equorum
738 1446 788 1491 ad
810 1463 954 1492 necem
975 1449 1286 1494 conculcarunt.
1358 1450 1451 1504 Qua

98 1542 145 1571 re
174 1527 338 1587 cognita
360 1526 560 1572 Gudruna
587 1528 690 1572 filios
719 1544 818 1572 suos
848 1528 1009 1573 hortata
1039 1536 1118 1587 est,
1156 1537 1202 1575 ut
1221 1530 1451 1576 Svanhildae

98 1624 244 1654 necem
262 1609 580 1654 ulciscerentur.
650 1609 792 1654 Itineri
820 1625 864 1654 se
891 1610 1204 1670 accingentibus
1233 1612 1380 1656 loricas
1408 1618 1451 1656 et

97 1690 238 1749 galeas
269 1688 382 1734 dedit
407 1690 513 1734 adeo
542 1691 707 1749 firmaS,
744 1697 791 1735 ut
827 1706 993 1735 omnem
1028 1693 1126 1736 ferri
1155 1693 1448 1737 contumeliam

96 1776 371 1815 contemturae
400 1770 656 1827 viderentur,
693 1771 734 1816 id
762 1772 919 1816 consilii
945 1772 1118 1831 addens,
1156 1780 1216 1832 ut,
1254 1773 1376 1818 delati
1397 1774 1449 1818 ad

98 1867 245 1911 regem
262 1851 610 1910 Jormunrekum,
641 1851 917 1897 dormientem
945 1860 1071 1898 noctu
1100 1854 1448 1914 adgrederentur,

96 1932 256 1978 Sorlius
286 1939 328 1977 et
345 1932 534 1977 Hamder
562 1948 708 1977 manus
737 1940 780 1978 et
805 1949 940 1988 crura,
977 1936 1116 1995 Erpus
1146 1944 1269 1996 caput
1296 1938 1447 1997 praeci-

95 2014 229 2059 deret.
298 2013 479 2073 Ingressi
515 2013 621 2058 viam
655 2015 937 2075 quaesiverunt
971 2032 1021 2060 ex
1049 2017 1188 2076 Erpo,
1227 2017 1338 2078 quod
1368 2018 1444 2063 sibi

93 2094 291 2139 auxilium
318 2094 577 2154 praestiturus
607 2103 733 2154 esset,
771 2097 803 2140 si
823 2112 968 2156 regem
987 2099 1316 2143 Jormunrekum
1337 2115 1445 2144 con-

93 2176 294 2221 venirent.
357 2175 590 2236 Respondit
608 2177 688 2237 ille,
717 2193 763 2221 se
783 2194 905 2238 opem
925 2178 1018 2236 illis,
1049 2181 1214 2240 qualem
1235 2181 1329 2241 pedi
1349 2197 1444 2225 ma-

93 2273 208 2316 num,
246 2256 441 2301 laturum.
502 2257 563 2301 Illi
585 2266 879 2318 pernegarunt,
909 2260 1058 2320 pedem
1079 2262 1299 2322 quicquam
1319 2278 1443 2307 manu

91 2338 331 2383 sustentari.
390 2338 512 2383 Adeo
539 2339 660 2383 matri
687 2340 778 2384 irati
807 2347 938 2397 erant,
969 2341 1080 2402 quod
1109 2358 1182 2387 eos
1210 2343 1327 2388 dictis
1356 2359 1443 2388 sae-

89 2418 230 2465 vidicis
260 2426 483 2481 prosecuta
513 2419 637 2464 domo
665 2420 918 2482 deduxerat,
955 2430 1001 2467 ut
1028 2424 1163 2469 facere
1191 2430 1442 2483 statuerent,

89 2500 204 2562 quod
228 2502 365 2546 animo
385 2501 475 2560 ejus
501 2501 723 2546 maximam
742 2502 974 2548 adlaturum
994 2504 1284 2563 aegritudinem
1304 2512 1441 2563 esset3

88 2580 269 2643 ideoque
287 2584 464 2644 Erpum,
503 2589 649 2644 utpote
668 2584 787 2628 matri
807 2584 1080 2643 carissimum,
1118 2586 1439 2632 interficiebant.

88 2664 190 2708 Post
207 2664 332 2723 paulo
351 2664 529 2723 Sorlius,
551 2665 638 2708 solo
659 2664 912 2725 ingrediens,
937 2667 1107 2712 alterius
1128 2668 1243 2728 pedis
1264 2667 1439 2726 vestigio

87 2743 252 2789 fallente
272 2744 415 2790 labans
435 2761 560 2791 manu
579 2761 624 2790 sc
643 2747 816 2808 excepit.
853 2750 959 2794 Tum
974 2749 1061 2794 ille:
1078 2749 1165 2810 jam
1180 2750 1275 2810 pedi
1290 2764 1436 2793 manus

1132 2839 1176 2870 24
