1811 3256
21 123 38 133 e

45 213 92 258 C.
130 211 235 257 7-8.
340 234 351 253 1
425 228 726 261 LUDlFchTIO
754 227 1008 259 GYLviAxA.
1328 211 1389 257 49

42 350 287 411 Respondet
314 351 426 395 Har:
455 351 526 394 filii
550 349 669 395 Boris
698 349 898 392 Ymerem
926 349 1237 393 interfecerunt.
1306 351 1389 404 Qui

41 447 171 492 quum
199 431 445 489 cecidisset,
490 437 649 475 tantum
693 428 901 487 sanguinis
939 445 986 472 ex
1023 430 1262 474 vulneribus
1300 431 1389 489 ejus

41 512 226 570 effluxit,
272 519 319 556 ut
356 528 406 557 eo
449 519 585 557 totum
620 525 752 569 genus
788 510 1153 554 Hrimthursorum
1189 511 1388 555 submer-

38 599 214 653 gerent,
246 609 329 637 uno
359 599 560 653 excepto,
599 591 668 651 qui
697 606 791 635 cum
819 606 892 634 sua
926 591 1077 635 familia
1107 592 1271 652 elapsus
1309 598 1387 650 est,

38 688 164 734 quem
193 674 383 733 gigantes
401 673 716 732 Bergelmerem
736 672 968 731 appellant3
1005 672 1071 716 hic
1097 672 1242 716 tubam
1270 688 1388 716 suam

37 753 302 811 conscendit,
339 754 477 814 ibique
520 768 699 797 unacum
732 768 864 796 uxore
891 768 965 797 sua
993 759 1180 798 servatus
1208 759 1299 810 est3
1337 769 1387 797 ex

22 834 98 879 *his
118 840 265 894 gentes
284 835 647 879 Hrimthursorum
673 833 1004 891 descenderunt,
1034 833 1386 895 quemadmodum

35 915 252 975 sequentia
271 920 499 960 testantur:

294 1010 500 1053 Immensa
538 1006 697 1065 (retro)
733 1006 919 1052 hiemum
955 1009 1088 1055 serie.

293 1095 389 1135 ante
425 1104 549 1149 quam
585 1094 723 1132 creata
758 1095 869 1133 terra
906 1096 1040 1148 esset,

293 1170 541 1230 Bergelmer
575 1175 697 1214 natus
734 1177 813 1215 est.

293 1253 388 1297 Hoc
421 1251 601 1312 primum
635 1250 862 1307 recordor,

294 1331 408 1393 quod
444 1331 608 1392 sapiens
643 1331 711 1376 ille
748 1332 865 1392 gigas

297 1412 411 1458 tuhae
446 1412 665 1473 impositus
701 1412 840 1458 suerit.

114 1525 159 1572 8.
191 1526 323 1570 Porro
344 1524 619 1583 Ganglerius:
640 1526 739 1587 quid
760 1527 888 1586 igitur
904 1526 1023 1570 Boris
1044 1525 1115 1570 filii
1135 1525 1380 1586 effecerunt,

33 1606 200 1668 quando
230 1606 398 1667 quidem
427 1621 499 1650 eos
528 1605 629 1651 deos
660 1607 828 1652 credis?
878 1608 954 1653 Cui
980 1609 1100 1652 Har:
1148 1623 1197 1652 ea
1240 1603 1291 1653 de
1334 1624 1380 1653 re

31 1687 143 1732 haud
170 1687 318 1747 exigua
344 1693 520 1747 possunt
546 1689 879 1733 commemorari.
933 1688 1153 1733 Sublatum
1181 1690 1381 1734 Ymerem

31 1767 73 1812 in
98 1767 282 1812 medium
318 1768 483 1812 chasma
518 1775 876 1829 transportarunt,
913 1776 1038 1830 atque
1068 1786 1118 1814 ex
1148 1785 1198 1814 eo
1224 1777 1380 1815 terram

32 1855 246 1894 crearunt:
276 1864 326 1892 ex
345 1864 493 1893 cruore
522 1849 611 1908 ejus
631 1865 745 1893 mare
774 1856 816 1894 et
834 1866 961 1911 aquas
982 1850 1134 1909 (lacus,
1163 1851 1378 1912 ss‘umina);

30 1935 143 1974 terra
164 1930 268 1974 sacta
288 1935 352 1973 est
371 1944 421 1973 ex
440 1945 578 1988 carne,
598 1937 761 1975 montes
782 1946 832 1975 ex
852 1931 1015 1976 ossibus
1027 1948 1038 1989 3
1059 1948 1156 1977 saxa
1177 1939 1219 1978 et
1237 1941 1379 1978 saxeta

31 2009 220 2054 fecerunt
239 2026 289 2053 ex
309 2009 503 2054 dentibus
523 2011 774 2071 primoribus
795 2018 837 2056 et
855 2013 1160 2071 maxillaribus,
1191 2030 1268 2059 nec
1294 2031 1378 2060 non

31 2089 220 2148 ossibus,
252 2105 344 2151 quae
369 2091 494 2135 fracta
525 2092 703 2137 fuerant.
757 2095 864 2138 Turn
882 2094 1077 2138 Jasnhar:
1107 2110 1129 2139 e
1158 2096 1376 2155 sanguine,

32 2171 103 2233 qui
139 2186 189 2216 ex
225 2171 467 2217 vulneribus
503 2173 700 2218 manabat
736 2181 778 2219 et
813 2174 943 2219 libere
979 2175 1227 2235 diffluebat,
1281 2177 1376 2222 iude

31 2252 220 2297 fecerunt
255 2268 491 2312 oceanum,
529 2270 611 2315 quo
648 2262 803 2300 terram
838 2256 1217 2317 circumsepserunt
1251 2264 1376 2319 atque

32 2333 347 2392 concluserunt,
387 2334 652 2397 eundemque
680 2337 785 2382 circa
818 2354 909 2382 eam
946 2339 985 2382 in
1019 2338 1166 2383 orbem
1193 2339 1376 2383 circum—

32 2412 258 2471 ssexerunt3
315 2415 384 2476 qui
427 2431 608 2461 oceanus
652 2418 862 2480 plerisque
910 2419 1147 2464 hominibus
1198 2412 1376 2464 transitu

32 2494 322 2555 insuperabilis
349 2496 525 2541 videtur.
578 2498 749 2544 Addidit
775 2500 990 2545 Thridius:
1036 2500 1160 2545 iidem
1191 2502 1376 2545 cranium

30 2573 122 2647 ejus
159 2583 392 2635 ceperunt,
429 2578 610 2639 indeque
647 2581 798 2625 coelum
834 2582 1045 2639 fecerunt,
1083 2582 1245 2642 hocque
1282 2598 1374 2626 cum

33 2675 138 2719 gyrbv
162 2678 207 2710 ok
234 2679 322 2710 festo
347 2690 467 2713 saman
489 2682 649 2724 joi-bina,
685 2683 749 2727 W,·
784 2685 875 2718 festu
894 2685 1035 2724 joi-bina
1059 2685 1092 2723 i,
1123 2688 1168 2728 U,
1198 2688 1256 2729 H,-
1278 2687 1373 2729 girbu

34 2738 77 2769 ok
103 2739 192 2771 festu
211 2739 350 2779 joi-olna
382 2742 413 2783 ι’,
440 2743 495 2775 Sc.
522 2763 563 2768 —
595 2743 641 2787 ¹⁵)
668 2746 843 2787 infinitum,
881 2746 935 2778 W.
961 2766 1005 2771 —
1035 2746 1083 2790 ¹⁶)
1110 2760 1130 2780 a
1157 2748 1217 2790 [af
1239 2750 1372 2787 honum,

38 2796 91 2830 W.
117 2818 161 2822 —
187 2798 234 2842 ¹⁷)
260 2810 328 2834 om.
358 2802 434 2848 W„

1117 2856 1137 2886 -l
