1811 3256
72 199 120 242 C.
165 194 245 243 45.
462 209 763 245 Lunrmcnlo
790 210 1047 242 GYLVmNA.
1343 192 1433 241 147

77 334 298 395 sociosque
326 332 532 390 excitavit,
570 331 640 392 qui
659 330 1037 391 circumspicientes
1057 331 1096 374 in
1117 330 1253 375 media
1272 332 1361 377 aede
1381 333 1433 377 ad

75 415 271 460 dextrum
296 414 403 459 latus
432 428 645 458 recessum
672 413 940 469 invenerunt⁷
986 427 1122 472 eoque
1159 427 1203 455 se
1233 414 1431 458 contule-

74 503 187 541 runt.
236 496 351 540 Thor
369 495 526 539 medias
547 495 655 538 sores
675 493 890 553 occupavit
908 491 1050 552 ibique
1071 493 1273 551 consedit,
1305 497 1431 539 ceteri

74 578 181 622 intra
218 592 315 621 eum
351 592 395 620 se
422 576 704 631 collocarunt,
752 573 899 617 timore
936 573 1096 629 affecti3
1143 574 1257 618 Thor
1292 582 1433 620 autem

73 657 341 703 manubrium
367 655 503 701 mallei
535 670 661 698 manu
689 654 823 699 tenuit
843 661 885 698 et
903 670 948 698 se
968 653 1195 699 defendere
1224 656 1433 715 cogitavit.

73 740 174 784 Mox
202 738 452 783 audiverunt
486 738 701 796 ingentem
740 736 922 780 sonitum
962 751 1010 779 ac
1035 735 1272 795 strepitum.
1344 737 1434 782 Sub

74 819 304 864 diluculum
314 819 429 863 Thor
447 832 644 876 egressus
665 816 954 861 animadvertit
970 816 1183 861 hominem
1196 816 1307 861 haud
1327 834 1434 878 pro-

75 901 141 945 cul
160 900 256 944 inde
276 901 316 944 in
337 900 447 960 sylva
462 898 690 957 jacentem7
727 897 839 942 haud
859 898 1010 958 exigua
1030 904 1204 957 statura7
1237 899 1307 960 qui
1328 899 1434 944 dor—

73 982 206 1026 miens
226 981 497 1025 vehementer
515 979 733 1024 stertebat.
769 980 879 1024 Hinc
899 980 1013 1024 Thor
1032 995 1222 1024 caussam
1242 980 1434 1024 nocturni

75 1063 264 1108 fremitus
284 1060 519 1120 intelligere
540 1060 617 1104 sibi
637 1061 773 1120 visus,
809 1061 986 1121 cingulis
1016 1060 1248 1106 roborificis
1277 1076 1320 1105 se
1340 1061 1434 1105 ein-

72 1145 161 1204 git,
196 1143 308 1188 unde
338 1142 375 1186 ei
400 1142 531 1186 robur
552 1141 723 1186 Asicum
750 1142 891 1186 crevit.
960 1144 1054 1187 Hoc
1073 1149 1214 1186 autem
1233 1142 1435 1202 temporis

73 1231 289 1271 momento
310 1229 581 1284 experrectus
607 1223 668 1267 vir
696 1223 763 1267 ille
784 1222 923 1267 subito
943 1223 1137 1267 surrexit.
1208 1225 1316 1267 Tum
1336 1239 1435 1268 vero

74 1306 189 1350 Thor
207 1304 338 1365 prima
357 1304 444 1349 vice
474 1304 611 1348 animo
642 1310 933 1349 consternatus
961 1304 1086 1348 fuisse
1110 1304 1282 1363 dicitur,
1320 1320 1434 1366 quo-

71 1387 211 1431 minus
224 1402 320 1430 eum
339 1386 491 1430 malleo
514 1391 769 1446 percuteret,
790 1384 895 1429 etde
917 1386 1085 1430 nomine
1106 1386 1196 1445 ejus
1217 1386 1434 1447 quaesisse.

74 1468 149 1512 Ille
176 1483 220 1512 se
242 1467 509 1528 Skrymerem
540 1466 673 1511 vocari
711 1466 835 1511 dixit:
872 1466 946 1511 sed
977 1484 1058 1511 non
1088 1483 1193 1528 opus
1222 1467 1319 1512 mihi
1353 1473 1433 1516 est,

74 1549 231 1609 inquit,
268 1555 310 1593 te
345 1548 398 1592 de
434 1548 602 1592 nomine
639 1547 925 1607 interrogare,
972 1549 1066 1593 novi
1102 1550 1234 1608 enim7
1271 1555 1313 1592 te
1341 1564 1436 1593 esse

73 1630 259 1674 Thorem
280 1629 468 1687 Asicum3
506 1645 557 1673 an
582 1644 681 1673 vero
702 1635 745 1672 tu
773 1628 1010 1674 abstraxisti
1041 1630 1244 1674 manicam
1263 1629 1436 1674 meam?

75 1711 181 1755 Haec
205 1710 345 1754 dicens
373 1710 599 1771 Skrymer7
644 1716 817 1755 extenso
846 1711 1040 1768 brachio,
1087 1711 1290 1755 manicam
1317 1726 1435 1755 suam

76 1791 259 1836 sustulit.
296 1792 403 1835 Tum
423 1792 536 1836 Thor
553 1791 762 1850 intelligit,
800 1791 876 1835 hac
895 1808 938 1835 se
958 1808 1033 1852 pro
1054 1792 1292 1836 deversorio
1312 1807 1436 1836 usum

75 1872 203 1916 fuisse
222 1877 345 1916 nocte
372 1872 658 1933 praecedente3
694 1887 885 1917 recessus
914 1879 1055 1917 autem
1084 1872 1183 1917 aedis
1204 1879 1295 1918 erat
1313 1873 1436 1933 vagi-

77 1954 175 1998 nula
195 1953 435 2014 pollicaris³.
491 1953 770 2013 Interrogavit
791 1953 1007 2014 Skrymer,
1045 1969 1095 1998 an
1117 1970 1161 1998 se
1182 1954 1338 1998 itineris
1359 1971 1435 1999 so-

74 2034 185 2079 cium
206 2034 362 2078 habere
383 2040 562 2094 optaret.
600 2033 726 2088 Quod
748 2051 877 2095 quum
898 2035 1120 2095 probasset
1138 2037 1267 2089 Thor,
1298 2036 1436 2096 Skry-

75 2131 169 2160 mer
186 2116 389 2160 sarcinam
409 2115 542 2159 viatici
562 2116 624 2159 sui
644 2116 778 2174 solvit,
809 2116 1026 2176 prandium
1048 2123 1262 2161 sumturus
1275 2131 1286 2173 3
1324 2117 1439 2161 Thor

74 2203 217 2242 autem
255 2204 298 2242 et
332 2197 432 2242 socii
469 2197 559 2256 ejus
595 2197 676 2242 alio
713 2197 805 2241 loco
842 2197 976 2256 (idem
1013 2197 1241 2255 fecerunt).
1329 2199 1437 2242 Tum

76 2277 279 2338 Skr3·mer
299 2279 539 2339 proposuit,
576 2285 624 2323 ut
649 2293 807 2322 mensae
835 2278 1092 2323 consortium
1118 2279 1226 2323 inter
1254 2295 1298 2323 se
1319 2279 1436 2323 face—

76 2365 185 2404 rent.
240 2360 337 2413 Quo
358 2375 380 2403 a
400 2360 538 2404 'shore
558 2359 751 2419 probato,
782 2359 982 2420 Skrjmer
1001 2376 1122 2404 omne
1144 2359 1256 2421 quod
1282 2360 1329 2404 iis
1350 2366 1441 2404 erat

77 2440 267 2485 viaticum
287 2440 327 2484 in
345 2456 471 2485 unam
491 2440 692 2485 sarcinam
712 2441 913 2500 colligavit
932 2448 973 2485 et
991 2448 1111 2501 tergo
1129 2457 1205 2486 suo
1225 2441 1437 2502 imposuit.

77 2522 169 2565 Hac
188 2521 253 2566 die
273 2528 436 2566 ceteros
456 2521 734 2581 praecedebat,
762 2522 951 2578 ingentes
971 2522 1124 2580 gradus
1145 2522 1322 2579 sacien53
1359 2521 1439 2566 ad-

80 2606 282 2650 (ubique),
316 2608 362 2642 H.
401 2626 443 2630 —
476 2607 522 2650 ι7)
549 2619 616 2640 om.
647 2606 700 2640 W.
727 2626 771 2631 -
803 2606 846 2648 ¹⁸)
873 2608 947 2649 sia,
985 2609 1037 2641 W.
1062 2627 1107 2632 -
1146 2607 1189 2650 ¹⁹)
1216 2618 1285 2640 om.
1316 2607 1369 2638 W.
1397 2625 1438 2630 —-

79 2665 131 2710 90)
159 2679 178 2700 α
207 2668 270 2710 [ok
297 2670 392 2708 sofa,
422 2668 478 2701 W.
510 2687 554 2691 —
578 2668 631 2711 21)
657 2668 866 2708 ηήὶΐνειῡιιν,
898 2669 951 2704 W.
985 2688 1029 2693 —
1053 2668 1104 2712 ²2)
1132 2680 1263 2710 engan,
1304 2668 1366 2707 W,
1404 2669 1440 2702 (⁷.

81 2728 131 2772 ²³)
158 2729 197 2761 in
223 2729 313 2772 Itey.
340 2729 447 2772 quasi
474 2730 597 2772 lireypt
621 2730 826 2772 semiplum,-
855 2741 876 2761 a
904 2731 1034 2772 [engen
1060 2730 1103 2764 z'tl.
1132 2731 1255 2770 hraert,
1293 2729 1347 2760 W.

173 2791 211 2834 ἃ)
244 2790 332 2823 Vide
358 2791 509 2823 nai-bara
535 2791 619 2833 uda,
644 2791 721 2833 25,-
747 2791 998 2832 AEgisdrckka‚
1028 2792 1087 2826 61.

1109 2848 1178 2880 10*
