1811 3256
145 232 192 278 C.
219 230 452 279 157-158.
629 250 796 283 cmvis
838 249 1059 282 mmmm.
1395 229 1483 275 701

406 374 557 434 populo
594 372 796 433 probante

407 455 557 499 samam
592 454 773 499 meruit:

409 535 576 580 Skulius
613 543 677 580 est

407 615 675 675 dynastarum
711 615 1104 673 excellentissimus7

406 697 587 741 virorum
623 697 968 757 prudentissimus
990 729 1001 749 7

410 794 556 822 eorum
593 779 660 839 qui
698 778 749 822 ab
787 778 946 821 oriente
982 776 1106 820 maris
1143 783 1254 821 sunt.

144 868 189 911 In
210 867 286 911 hae
305 866 528 911 variatione
548 873 632 911 tres
653 865 818 927 syllahae
841 866 993 910 faciunt
1017 881 1198 923 versum,
1234 864 1318 909 bini
1345 880 1487 910 versus

145 946 323 1008 syllabas
369 948 626 992 harmonicas
671 948 779 992 inter
821 962 866 991 se
902 947 1228 1004 communicant,
1275 946 1488 991 literarum

142 1029 409 1073 metricarum
446 1028 592 1073 eadem
626 1028 865 1088 dispositio,
903 1042 995 1087 quae
1033 1026 1072 1070 in
1107 1033 1243 1071 metro
1280 1029 1488 1073 collatato.

143 1111 190 1153 In
227 1109 289 1154 his
326 1125 494 1171 quoque
529 1109 748 1166 versibus,
792 1107 834 1152 id
879 1107 992 1168 quod
1036 1107 1229 1152 vitiosum
1274 1123 1355 1151 non
1398 1115 1488 1167 est,

143 1190 320 1249 vocalis,
357 1190 582 1235 harmoniae
619 1189 828 1247 effectrix⁷
866 1189 995 1233 semel
1024 1187 1230 1247 (tantum)
1258 1188 1345 1233 voci
1373 1204 1488 1248 prae-

142 1271 267 1315 missa
305 1272 528 1332 reperitur.

246 1396 353 1444 158.
424 1400 658 1458 Sequentes
677 1397 922 1442 variationes
944 1397 1068 1442 etiam
1088 1397 1140 1441 ad
1159 1396 1488 1443 homoeoteleuta

140 1478 379 1539 pertinent:

207 1557 286 1606 83.
339 1561 516 1606 Deletor
550 1568 756 1605 terrarum
792 1559 943 1604 circulo
980 1558 1243 1603 ornatarum!

344 1642 439 1703 equi
474 1642 679 1686 montium
715 1656 961 1701 cycneorum
997 1656 1073 1701 per

342 1729 476 1767 totum
511 1722 675 1767 natricis
711 1728 916 1766 terrorem
952 1721 993 1765 in
1029 1721 1111 1765 alto

342 1803 555 1864 phalangae
591 1802 790 1864 pulvinari
825 1809 1086 1863 permanent.

342 1885 458 1929 Laeta
495 1889 559 1928 est
592 1883 753 1928 mansio
789 1882 900 1944 apud
935 1883 1112 1928 amicum
1149 1883 1355 1941 virorum,

342 1964 518 2010 durante
553 1980 660 2009 noxa
696 1964 918 2025 serpentis.

341 2048 525 2107 Dynasta
561 2046 753 2091 cordatos
788 2047 896 2091 viros
933 2043 1070 2090 adficit
1103 2045 1296 2089 honore:

342 2127 433 2172 talis
470 2127 531 2171 vir
564 2127 756 2188 princeps
793 2127 998 2172 excellens
1034 2126 1184 2171 merito
1220 2132 1405 2171 vocatur.

141 2218 246 2262 Haeo
264 2217 432 2262 variatio
452 2217 613 2278 plenam
632 2216 816 2261 continet
833 2216 1088 2261 harmoniam
1104 2216 1488 2272 homoeoteleutam‚

144 2298 329 2357 singulos
348 2314 492 2343 versus
513 2299 647 2359 quinis
668 2297 848 2360 syllabis,
886 2303 957 2342 aut
985 2296 1019 2341 si
1047 2297 1204 2341 celeres
1231 2303 1341 2355 sunt,
1379 2296 1488 2341 senis

143 2378 434 2423 efficientibus.

144 2548 205 2581 cui
231 2548 449 2592 adquiesw,
484 2547 557 2580 etsi
581 2546 682 2594 eypir
707 2553 832 2590 potest
861 2558 931 2591 pro
966 2548 1092 2580 dativo
1124 2547 1267 2590 accipi,
1307 2556 1347 2578 eo
1373 2555 1488 2577 sensu

144 2620 211 2653 quo
238 2609 405 2642 Raslcius
430 2609 563 2642 voluit.
589 2629 632 2632 —
657 2609 690 2652 ⁷)
717 2610 914 2650 §ker-valla,
942 2620 1155 2652 camporum
1180 2608 1486 2650 scopulosorum,

141 2669 279 2714 fragm.
305 2671 369 2703 sk.
396 2671 520 2703 eodem
545 2680 672 2704 sensu.
714 2689 755 2695 —
808 2671 841 2714 ⁶)
867 2671 907 2705 in
932 2671 1022 2715 Περ.
1048 2681 1198 2713 gvinivna
1223 2669 1416 2711 scriplum.
1443 2686 1487 2692 —

144 2731 177 2774 ⁹)
203 2735 310 2775 aeztr,
341 2731 396 2765 W.
421 2750 465 2756 —
496 2730 544 2775 ¹⁰)
569 2731 651 2775 her,
680 2731 734 2766 W.
