<?xml version="1.0" encoding="UTF-8"?>
<!DOCTYPE html PUBLIC "-//W3C//DTD XHTML 1.0 Transitional//EN"
    "http://www.w3.org/TR/xhtml1/DTD/xhtml1-transitional.dtd">
<html xmlns="http://www.w3.org/1999/xhtml" xml:lang="en" lang="en">
 <head>
  <title>
</title>
<meta http-equiv="Content-Type" content="text/html;charset=utf-8" />
  <meta name='ocr-system' content='tesseract 3.04.00' />
  <meta name='ocr-capabilities' content='ocr_page ocr_carea ocr_par ocr_line ocrx_word'/>
</head>
<body>
  <div class='ocr_page' id='page_1' title='image "./eddasnorrasturlu01hafnuoft_0725.png"; bbox 0 0 1811 3256; ppageno 0'>
   <div class='ocr_carea' id='block_1_1' title="bbox 150 258 1493 308">
    <p class='ocr_par' dir='ltr' id='par_1_1' title="bbox 150 258 1493 308">
     <span class='ocr_line' id='line_1_1' title="bbox 150 258 1493 308; baseline -0.001 -2"><span class='ocrx_word' id='word_1_1' title='bbox 150 262 198 306; x_wconf 88' lang='lat' dir='ltr'>C.</span> <span class='ocrx_word' id='word_1_2' title='bbox 225 258 459 306; x_wconf 77' lang='lat'><strong>164-166.</strong></span> <span class='ocrx_word' id='word_1_3' title='bbox 637 276 805 308; x_wconf 64' lang='lat' dir='ltr'>cmvis</span> <span class='ocrx_word' id='word_1_4' title='bbox 842 276 1066 308; x_wconf 65' lang='lat' dir='ltr'>mmmm.</span> <span class='ocrx_word' id='word_1_5' title='bbox 1402 260 1493 306; x_wconf 78' lang='lat'>709</span> 
     </span>
    </p>
   </div>
   <div class='ocr_carea' id='block_1_2' title="bbox 279 397 1383 539">
    <p class='ocr_par' dir='ltr' id='par_1_2' title="bbox 279 397 1383 539">
     <span class='ocr_line' id='line_1_2' title="bbox 279 397 1144 445; baseline -0.003 0"><span class='ocrx_word' id='word_1_6' title='bbox 279 402 462 445; x_wconf 83' lang='lat' dir='ltr'>virorum</span> <span class='ocrx_word' id='word_1_7' title='bbox 496 413 643 443; x_wconf 91' lang='lat' dir='ltr'>aurum</span> <span class='ocrx_word' id='word_1_8' title='bbox 679 397 780 442; x_wconf 86' lang='lat' dir='ltr'>odit.</span> <span class='ocrx_word' id='word_1_9' title='bbox 851 398 945 443; x_wconf 91' lang='lat' dir='ltr'>Scio</span> <span class='ocrx_word' id='word_1_10' title='bbox 982 399 1144 442; x_wconf 89' lang='lat' dir='ltr'>nullum</span> 
     </span>
     <span class='ocr_line' id='line_1_3' title="bbox 279 478 1383 539; baseline -0.003 -12"><span class='ocrx_word' id='word_1_11' title='bbox 279 489 402 527; x_wconf 83' lang='lat' dir='ltr'>terrae</span> <span class='ocrx_word' id='word_1_12' title='bbox 438 479 655 525; x_wconf 82' lang='lat' dir='ltr'>custodem</span> <span class='ocrx_word' id='word_1_13' title='bbox 690 478 837 538; x_wconf 87' lang='lat' dir='ltr'>majori</span> <span class='ocrx_word' id='word_1_14' title='bbox 871 478 1091 539; x_wconf 80' lang='lat' dir='ltr'>praeditum</span> <span class='ocrx_word' id='word_1_15' title='bbox 1125 479 1383 524; x_wconf 86' lang='lat' dir='ltr'>liberalitate.</span> 
     </span>
    </p>
   </div>
   <div class='ocr_carea' id='block_1_3' title="bbox 145 567 1491 1523">
    <p class='ocr_par' dir='ltr' id='par_1_3' title="bbox 145 567 1491 1523">
     <span class='ocr_line' id='line_1_4' title="bbox 146 567 1491 615; baseline -0.001 0"><span class='ocrx_word' id='word_1_16' title='bbox 146 572 249 615; x_wconf 87' lang='lat' dir='ltr'>Haec</span> <span class='ocrx_word' id='word_1_17' title='bbox 281 570 450 615; x_wconf 80' lang='lat' dir='ltr'>variatio</span> <span class='ocrx_word' id='word_1_18' title='bbox 484 568 908 614; x_wconf 86' lang='lat' dir='ltr'>homoeoteleutorum</span> <span class='ocrx_word' id='word_1_19' title='bbox 942 567 1117 612; x_wconf 85' lang='lat' dir='ltr'>formata</span> <span class='ocrx_word' id='word_1_20' title='bbox 1152 575 1216 612; x_wconf 85' lang='lat' dir='ltr'>est</span> <span class='ocrx_word' id='word_1_21' title='bbox 1245 568 1296 612; x_wconf 91' lang='lat' dir='ltr'>ad</span> <span class='ocrx_word' id='word_1_22' title='bbox 1322 570 1491 614; x_wconf 88' lang='lat' dir='ltr'>modum</span> 
     </span>
     <span class='ocr_line' id='line_1_5' title="bbox 147 651 325 696; baseline 0 0"><span class='ocrx_word' id='word_1_23' title='bbox 147 651 325 696; x_wconf 88' lang='lat' dir='ltr'>dimetri.</span> 
     </span>
     <span class='ocr_line' id='line_1_6' title="bbox 213 745 1148 793; baseline -0.004 0"><span class='ocrx_word' id='word_1_24' title='bbox 213 746 290 793; x_wconf 85' lang='lat'>91.</span> <span class='ocrx_word' id='word_1_25' title='bbox 342 749 458 792; x_wconf 84' lang='lat' dir='ltr'>Laeta</span> <span class='ocrx_word' id='word_1_26' title='bbox 494 747 675 790; x_wconf 81' lang='lat' dir='ltr'>virorum</span> <span class='ocrx_word' id='word_1_27' title='bbox 710 745 930 789; x_wconf 75' lang='lat' dir='ltr'>multitudo</span> <span class='ocrx_word' id='word_1_28' title='bbox 966 746 1148 790; x_wconf 91' lang='lat' dir='ltr'>mulsum</span> 
     </span>
     <span class='ocr_line' id='line_1_7' title="bbox 341 826 1147 887; baseline -0.002 -15"><span class='ocrx_word' id='word_1_29' title='bbox 341 843 520 872; x_wconf 88' lang='lat' dir='ltr'>unacum</span> <span class='ocrx_word' id='word_1_30' title='bbox 556 843 657 872; x_wconf 90' lang='lat' dir='ltr'>auro</span> <span class='ocrx_word' id='word_1_31' title='bbox 694 843 716 871; x_wconf 90' lang='lat' dir='ltr'>a</span> <span class='ocrx_word' id='word_1_32' title='bbox 753 827 934 887; x_wconf 84' lang='lat' dir='ltr'>principe</span> <span class='ocrx_word' id='word_1_33' title='bbox 971 826 1147 886; x_wconf 81' lang='lat' dir='ltr'>accipit3</span> 
     </span>
     <span class='ocr_line' id='line_1_8' title="bbox 344 908 1317 969; baseline -0.002 -16"><span class='ocrx_word' id='word_1_34' title='bbox 344 909 409 953; x_wconf 92' lang='lat' dir='ltr'>ille</span> <span class='ocrx_word' id='word_1_35' title='bbox 446 908 570 953; x_wconf 85' lang='lat' dir='ltr'>coetui</span> <span class='ocrx_word' id='word_1_36' title='bbox 606 908 820 969; x_wconf 91' lang='lat' dir='ltr'>limpidum</span> <span class='ocrx_word' id='word_1_37' title='bbox 856 908 1019 965; x_wconf 75' lang='lat' dir='ltr'>vinum,</span> <span class='ocrx_word' id='word_1_38' title='bbox 1057 923 1108 951; x_wconf 83' lang='lat' dir='ltr'>ex</span> <span class='ocrx_word' id='word_1_39' title='bbox 1144 916 1317 967; x_wconf 82' lang='lat' dir='ltr'>argento</span> 
     </span>
     <span class='ocr_line' id='line_1_9' title="bbox 344 988 1292 1049; baseline -0.001 -15"><span class='ocrx_word' id='word_1_40' title='bbox 344 991 548 1048; x_wconf 77' lang='lat' dir='ltr'>infusam,</span> <span class='ocrx_word' id='word_1_41' title='bbox 586 989 696 1034; x_wconf 91' lang='lat' dir='ltr'>domi</span> <span class='ocrx_word' id='word_1_42' title='bbox 734 1005 818 1033; x_wconf 84' lang='lat' dir='ltr'>suae</span> <span class='ocrx_word' id='word_1_43' title='bbox 853 988 1081 1034; x_wconf 88' lang='lat' dir='ltr'>bibendum</span> <span class='ocrx_word' id='word_1_44' title='bbox 1120 989 1292 1049; x_wconf 78' lang='lat' dir='ltr'>praehet.</span> 
     </span>
     <span class='ocr_line' id='line_1_10' title="bbox 344 1069 1314 1132; baseline -0.001 -16"><span class='ocrx_word' id='word_1_45' title='bbox 344 1072 487 1116; x_wconf 88' lang='lat' dir='ltr'>Aurea</span> <span class='ocrx_word' id='word_1_46' title='bbox 522 1078 665 1132; x_wconf 88' lang='lat' dir='ltr'>patera</span> <span class='ocrx_word' id='word_1_47' title='bbox 702 1085 893 1131; x_wconf 73' lang='lat' dir='ltr'>expansae</span> <span class='ocrx_word' id='word_1_48' title='bbox 929 1069 1068 1113; x_wconf 88' lang='lat' dir='ltr'>manui</span> <span class='ocrx_word' id='word_1_49' title='bbox 1104 1071 1314 1127; x_wconf 83' lang='lat' dir='ltr'>occurrit3</span> 
     </span>
     <span class='ocr_line' id='line_1_11' title="bbox 342 1150 1122 1213; baseline -0.004 -16"><span class='ocrx_word' id='word_1_50' title='bbox 342 1153 607 1213; x_wconf 67' lang='lat' dir='ltr'>dynastarum</span> <span class='ocrx_word' id='word_1_51' title='bbox 643 1152 822 1212; x_wconf 87' lang='lat' dir='ltr'>optimus</span> <span class='ocrx_word' id='word_1_52' title='bbox 857 1150 952 1195; x_wconf 78' lang='lat' dir='ltr'>viris</span> <span class='ocrx_word' id='word_1_53' title='bbox 986 1150 1122 1197; x_wconf 80' lang='lat' dir='ltr'>Rheni</span> 
     </span>
     <span class='ocr_line' id='line_1_12' title="bbox 344 1233 1113 1293; baseline -0.001 -16"><span class='ocrx_word' id='word_1_54' title='bbox 344 1234 551 1279; x_wconf 83' lang='lat' dir='ltr'>flammam</span> <span class='ocrx_word' id='word_1_55' title='bbox 585 1233 724 1278; x_wconf 87' lang='lat' dir='ltr'>mittit.</span> <span class='ocrx_word' id='word_1_56' title='bbox 796 1234 893 1287; x_wconf 86' lang='lat' dir='ltr'>Quo</span> <span class='ocrx_word' id='word_1_57' title='bbox 928 1233 1113 1293; x_wconf 79' lang='lat' dir='ltr'>principe</span> 
     </span>
     <span class='ocr_line' id='line_1_13' title="bbox 343 1313 1217 1374; baseline 0 -15"><span class='ocrx_word' id='word_1_58' title='bbox 343 1315 482 1359; x_wconf 90' lang='lat' dir='ltr'>nullus</span> <span class='ocrx_word' id='word_1_59' title='bbox 518 1315 578 1359; x_wconf 78' lang='lat' dir='ltr'>vir</span> <span class='ocrx_word' id='word_1_60' title='bbox 612 1313 883 1359; x_wconf 77' lang='lat' dir='ltr'>excellentior</span> <span class='ocrx_word' id='word_1_61' title='bbox 915 1315 1137 1374; x_wconf 86' lang='lat' dir='ltr'>reperitur.</span> <span class='ocrx_word' id='word_1_62' title='bbox 1212 1368 1217 1373; x_wconf 73' lang='lat'>,</span> 
     </span>
     <span class='ocr_line' id='line_1_14' title="bbox 146 1395 1487 1457; baseline 0 -17"><span class='ocrx_word' id='word_1_63' title='bbox 146 1398 251 1450; x_wconf 85' lang='lat' dir='ltr'>Quae</span> <span class='ocrx_word' id='word_1_64' title='bbox 294 1396 463 1442; x_wconf 84' lang='lat' dir='ltr'>variatio</span> <span class='ocrx_word' id='word_1_65' title='bbox 514 1412 563 1441; x_wconf 79' lang='lat' dir='ltr'>ex</span> <span class='ocrx_word' id='word_1_66' title='bbox 611 1396 797 1456; x_wconf 79' lang='lat' dir='ltr'>proxime</span> <span class='ocrx_word' id='word_1_67' title='bbox 850 1395 1112 1456; x_wconf 82' lang='lat' dir='ltr'>praecedente</span> <span class='ocrx_word' id='word_1_68' title='bbox 1157 1411 1233 1456; x_wconf 89' lang='lat' dir='ltr'>per</span> <span class='ocrx_word' id='word_1_69' title='bbox 1275 1412 1487 1457; x_wconf 88' lang='lat' dir='ltr'>apocopen</span> 
     </span>
     <span class='ocr_line' id='line_1_15' title="bbox 145 1479 443 1523; baseline 0 -1"><span class='ocrx_word' id='word_1_70' title='bbox 145 1479 320 1523; x_wconf 83' lang='lat' dir='ltr'>formata</span> <span class='ocrx_word' id='word_1_71' title='bbox 364 1485 443 1522; x_wconf 91' lang='lat' dir='ltr'>est.</span> 
     </span>
    </p>
   </div>
   <div class='ocr_carea' id='block_1_4' title="bbox 146 1588 1492 2464">
    <p class='ocr_par' dir='ltr' id='par_1_4' title="bbox 146 1588 1492 2464">
     <span class='ocr_line' id='line_1_16' title="bbox 249 1588 1371 1651; baseline -0.003 -15"><span class='ocrx_word' id='word_1_72' title='bbox 249 1588 356 1636; x_wconf 84' lang='lat'>165.</span> <span class='ocrx_word' id='word_1_73' title='bbox 427 1591 573 1650; x_wconf 87' lang='lat' dir='ltr'>Incipit</span> <span class='ocrx_word' id='word_1_74' title='bbox 608 1590 751 1651; x_wconf 87' lang='lat' dir='ltr'>quinta</span> <span class='ocrx_word' id='word_1_75' title='bbox 787 1605 881 1650; x_wconf 89' lang='lat' dir='ltr'>pars</span> <span class='ocrx_word' id='word_1_76' title='bbox 916 1590 1371 1634; x_wconf 86' lang='lat' dir='ltr'>homoeoteleutorum:</span> 
     </span>
     <span class='ocr_line' id='line_1_17' title="bbox 210 1670 1248 1731; baseline -0.001 -15"><span class='ocrx_word' id='word_1_77' title='bbox 210 1670 287 1716; x_wconf 82' lang='grc'>92.</span> <span class='ocrx_word' id='word_1_78' title='bbox 342 1673 468 1716; x_wconf 88' lang='lat' dir='ltr'>Facta</span> <span class='ocrx_word' id='word_1_79' title='bbox 503 1671 660 1715; x_wconf 82' lang='lat' dir='ltr'>mentio</span> <span class='ocrx_word' id='word_1_80' title='bbox 698 1678 762 1716; x_wconf 88' lang='lat' dir='ltr'>est</span> <span class='ocrx_word' id='word_1_81' title='bbox 796 1670 991 1715; x_wconf 85' lang='lat' dir='ltr'>itinerum</span> <span class='ocrx_word' id='word_1_82' title='bbox 1027 1671 1248 1731; x_wconf 70' lang='lat' dir='ltr'>principis,</span> 
     </span>
     <span class='ocr_line' id='line_1_18' title="bbox 343 1751 1187 1813; baseline 0 -17"><span class='ocrx_word' id='word_1_83' title='bbox 343 1752 456 1813; x_wconf 90' lang='lat' dir='ltr'>qnod</span> <span class='ocrx_word' id='word_1_84' title='bbox 490 1753 717 1813; x_wconf 86' lang='lat' dir='ltr'>imperator</span> <span class='ocrx_word' id='word_1_85' title='bbox 752 1753 933 1797; x_wconf 89' lang='lat' dir='ltr'>animum</span> <span class='ocrx_word' id='word_1_86' title='bbox 969 1751 1187 1811; x_wconf 79' lang='lat' dir='ltr'>advertet3</span> 
     </span>
     <span class='ocr_line' id='line_1_19' title="bbox 343 1833 1267 1894; baseline 0 -17"><span class='ocrx_word' id='word_1_87' title='bbox 343 1834 479 1878; x_wconf 89' lang='lat' dir='ltr'>celere</span> <span class='ocrx_word' id='word_1_88' title='bbox 516 1834 730 1894; x_wconf 87' lang='lat' dir='ltr'>composui</span> <span class='ocrx_word' id='word_1_89' title='bbox 767 1849 932 1878; x_wconf 86' lang='lat' dir='ltr'>carmen</span> <span class='ocrx_word' id='word_1_90' title='bbox 967 1833 1267 1891; x_wconf 76' lang='lat' dir='ltr'>laudatorium,</span> 
     </span>
     <span class='ocr_line' id='line_1_20' title="bbox 343 1914 973 1975; baseline -0.002 -16"><span class='ocrx_word' id='word_1_91' title='bbox 343 1914 383 1959; x_wconf 91' lang='lat' dir='ltr'>id</span> <span class='ocrx_word' id='word_1_92' title='bbox 419 1915 555 1959; x_wconf 87' lang='lat' dir='ltr'>facere</span> <span class='ocrx_word' id='word_1_93' title='bbox 590 1915 756 1959; x_wconf 89' lang='lat' dir='ltr'>minime</span> <span class='ocrx_word' id='word_1_94' title='bbox 792 1915 973 1975; x_wconf 86' lang='lat' dir='ltr'>peperci.</span> 
     </span>
     <span class='ocr_line' id='line_1_21' title="bbox 340 1995 1206 2056; baseline 0 -15"><span class='ocrx_word' id='word_1_95' title='bbox 340 1995 597 2042; x_wconf 83' lang='lat' dir='ltr'>Rubesactor</span> <span class='ocrx_word' id='word_1_96' title='bbox 631 1996 955 2056; x_wconf 79' lang='lat' dir='ltr'>sanguineorum</span> <span class='ocrx_word' id='word_1_97' title='bbox 990 2012 1206 2056; x_wconf 83' lang='lat' dir='ltr'>passerum</span> 
     </span>
     <span class='ocr_line' id='line_1_22' title="bbox 341 2077 1145 2138; baseline -0.001 -16"><span class='ocrx_word' id='word_1_98' title='bbox 341 2093 479 2138; x_wconf 86' lang='lat' dir='ltr'>neque</span> <span class='ocrx_word' id='word_1_99' title='bbox 516 2077 696 2121; x_wconf 77' lang='lat' dir='ltr'>inveniet</span> <span class='ocrx_word' id='word_1_100' title='bbox 730 2078 977 2122; x_wconf 84' lang='lat' dir='ltr'>nutritorem</span> <span class='ocrx_word' id='word_1_101' title='bbox 1014 2079 1145 2122; x_wconf 87' lang='lat' dir='ltr'>sturni</span> 
     </span>
     <span class='ocr_line' id='line_1_23' title="bbox 340 2158 1153 2219; baseline -0.002 -15"><span class='ocrx_word' id='word_1_102' title='bbox 340 2158 479 2204; x_wconf 80' lang='lat' dir='ltr'>bellici</span> <span class='ocrx_word' id='word_1_103' title='bbox 516 2158 753 2203; x_wconf 81' lang='lat' dir='ltr'>fortitudine</span> <span class='ocrx_word' id='word_1_104' title='bbox 789 2159 1153 2219; x_wconf 65' lang='lat' dir='ltr'>praestantiorem⁷</span> 
     </span>
     <span class='ocr_line' id='line_1_24' title="bbox 342 2239 1075 2301; baseline 0 -16"><span class='ocrx_word' id='word_1_105' title='bbox 342 2256 479 2301; x_wconf 88' lang='lat' dir='ltr'>neque</span> <span class='ocrx_word' id='word_1_106' title='bbox 515 2240 646 2284; x_wconf 81' lang='lat' dir='ltr'>virum</span> <span class='ocrx_word' id='word_1_107' title='bbox 681 2241 811 2299; x_wconf 83' lang='lat' dir='ltr'>magis</span> <span class='ocrx_word' id='word_1_108' title='bbox 847 2239 1075 2285; x_wconf 88' lang='lat' dir='ltr'>liberalem.</span> 
     </span>
     <span class='ocr_line' id='line_1_25' title="bbox 146 2321 1492 2383; baseline -0.001 -15"><span class='ocrx_word' id='word_1_109' title='bbox 146 2324 248 2368; x_wconf 84' lang='lat' dir='ltr'>Haec</span> <span class='ocrx_word' id='word_1_110' title='bbox 283 2337 451 2383; x_wconf 90' lang='lat' dir='ltr'>quoque</span> <span class='ocrx_word' id='word_1_111' title='bbox 488 2321 655 2365; x_wconf 75' lang='lat' dir='ltr'>variatio</span> <span class='ocrx_word' id='word_1_112' title='bbox 693 2322 826 2381; x_wconf 84' lang='lat' dir='ltr'>plenis</span> <span class='ocrx_word' id='word_1_113' title='bbox 863 2322 1200 2366; x_wconf 77' lang='lat' dir='ltr'>homoeoteleutis</span> <span class='ocrx_word' id='word_1_114' title='bbox 1237 2329 1412 2379; x_wconf 78' lang='lat' dir='ltr'>constat.</span> <span class='ocrx_word' id='word_1_115' title='bbox 1451 2329 1492 2366; x_wconf 86' lang='lat' dir='ltr'>et</span> 
     </span>
     <span class='ocr_line' id='line_1_26' title="bbox 146 2403 1487 2464; baseline -0.001 -16"><span class='ocrx_word' id='word_1_116' title='bbox 146 2404 336 2448; x_wconf 81' lang='lat' dir='ltr'>desumta</span> <span class='ocrx_word' id='word_1_117' title='bbox 372 2408 436 2447; x_wconf 89' lang='lat' dir='ltr'>est</span> <span class='ocrx_word' id='word_1_118' title='bbox 471 2418 521 2446; x_wconf 83' lang='lat' dir='ltr'>ex</span> <span class='ocrx_word' id='word_1_119' title='bbox 553 2403 776 2446; x_wconf 83' lang='lat' dir='ltr'>harmoniis</span> <span class='ocrx_word' id='word_1_120' title='bbox 805 2403 1148 2464; x_wconf 84' lang='lat' dir='ltr'>semiapocopatis</span> <span class='ocrx_word' id='word_1_121' title='bbox 1178 2404 1241 2447; x_wconf 70' lang='lat' dir='ltr'>vel</span> <span class='ocrx_word' id='word_1_122' title='bbox 1270 2404 1487 2462; x_wconf 69' lang='lat' dir='ltr'>conligitis.</span> 
     </span>
    </p>
   </div>
   <div class='ocr_carea' id='block_1_5' title="bbox 147 2514 1487 2820">
    <p class='ocr_par' dir='ltr' id='par_1_5' title="bbox 147 2514 1487 2820">
     <span class='ocr_line' id='line_1_27' title="bbox 249 2514 1487 2576; baseline -0.002 -16"><span class='ocrx_word' id='word_1_123' title='bbox 249 2514 353 2562; x_wconf 83' lang='lat'>166.</span> <span class='ocrx_word' id='word_1_124' title='bbox 424 2517 614 2576; x_wconf 88' lang='lat' dir='ltr'>Sequens</span> <span class='ocrx_word' id='word_1_125' title='bbox 659 2515 828 2559; x_wconf 77' lang='lat' dir='ltr'>variatio</span> <span class='ocrx_word' id='word_1_126' title='bbox 874 2515 924 2559; x_wconf 88' lang='lat' dir='ltr'>ad</span> <span class='ocrx_word' id='word_1_127' title='bbox 967 2516 1294 2560; x_wconf 80' lang='lat' dir='ltr'>homoeoteleuta</span> <span class='ocrx_word' id='word_1_128' title='bbox 1331 2515 1487 2559; x_wconf 79' lang='lat' dir='ltr'>minora</span> 
     </span>
     <span class='ocr_line' id='line_1_28' title="bbox 147 2597 354 2656; baseline 0 -16"><span class='ocrx_word' id='word_1_129' title='bbox 147 2597 354 2656; x_wconf 63' lang='lat' dir='ltr'>perfluet:</span> 
     </span>
     <span class='ocr_line' id='line_1_29' title="bbox 212 2676 1113 2738; baseline -0.002 -15"><span class='ocrx_word' id='word_1_130' title='bbox 212 2676 289 2723; x_wconf 84' lang='lat'>93.</span> <span class='ocrx_word' id='word_1_131' title='bbox 343 2679 576 2738; x_wconf 82' lang='lat' dir='ltr'>Imperator</span> <span class='ocrx_word' id='word_1_132' title='bbox 611 2694 656 2722; x_wconf 84' lang='lat' dir='ltr'>se</span> <span class='ocrx_word' id='word_1_133' title='bbox 692 2679 731 2722; x_wconf 91' lang='lat' dir='ltr'>in</span> <span class='ocrx_word' id='word_1_134' title='bbox 768 2679 950 2738; x_wconf 82' lang='lat' dir='ltr'>plurimis</span> <span class='ocrx_word' id='word_1_135' title='bbox 987 2678 1113 2723; x_wconf 85' lang='lat' dir='ltr'>rebus</span> 
     </span>
     <span class='ocr_line' id='line_1_30' title="bbox 341 2759 1192 2820; baseline -0.002 -17"><span class='ocrx_word' id='word_1_136' title='bbox 341 2760 596 2804; x_wconf 80' lang='lat' dir='ltr'>fortunatum</span> <span class='ocrx_word' id='word_1_137' title='bbox 633 2759 856 2820; x_wconf 25' lang='lat' dir='ltr'>przedicalv3</span> <span class='ocrx_word' id='word_1_138' title='bbox 902 2776 997 2804; x_wconf 83' lang='lat' dir='ltr'>eum</span> <span class='ocrx_word' id='word_1_139' title='bbox 1034 2775 1192 2804; x_wconf 82' lang='lat' dir='ltr'>summa</span> 
     </span>
    </p>
   </div>
  </div>
 </body>
</html>
