1811 3256
104 215 152 258 C.
188 210 364 258 42-43.
481 231 782 263 noninicssio
811 231 1066 263 Grhvmm.
1359 215 1449 262 139

102 353 199 397 dem
226 351 365 413 operis
389 352 591 411 reddidit,
629 369 713 397 non
739 352 907 414 quidem
927 353 1070 397 Solem
1096 357 1139 396 et
1155 353 1342 413 Lunam,
1380 356 1455 400 sed

102 449 200 478 eum
224 434 438 495 prohibuit
462 434 645 478 incolere
671 433 988 492 Jotunheimos,
1034 433 1298 494 primumque
1327 434 1454 479 ictum

101 521 216 559 tanta
235 516 271 559 vi
292 515 328 559 ei
348 515 507 574 inflixit,
536 522 583 559 ut
603 506 715 559 calva
736 514 775 557 in
795 514 954 559 minuta
974 515 1103 558 frusta
1124 513 1453 574 diffringeretur,

102 595 323 656 ipsumque
343 596 394 640 ad
414 597 635 641 Nillhelam
656 595 835 639 demisit.
888 595 1047 640 Lokius
1067 602 1209 640 autem
1230 611 1327 639 eum
1346 611 1454 640 con-

101 692 294 736 gressum
316 693 409 721 cum
431 676 674 722 Svadilsorio
696 676 915 735 habuerat,
944 683 992 721 ut
1010 677 1220 738 aliquanto
1241 682 1336 736 post
1355 677 1455 737 pul-

101 758 187 802 lum
207 759 405 819 equinum
424 764 605 819 pareret,
642 757 796 801 cinerei
826 758 991 816 coloris,
1030 764 1124 802 octo
1144 757 1320 817 pedibus
1340 773 1455 817 prae-

100 839 247 898 ditum,
286 840 355 900 qui
376 855 508 900 equus
528 839 637 882 inter
654 840 769 882 Deos
796 839 1070 900 hominesque
1090 838 1454 899 praestantissimus

100 926 179 964 est.
250 920 316 964 Sic
351 919 479 964 habet
512 919 764 965 Vaticinium
799 921 929 965 valae:

361 1023 478 1066 Tunc
513 1023 651 1067 omnia
687 1024 868 1068 Numina

361 1103 695 1150 conscenderunt
730 1104 978 1164 tribunalia,-

361 1184 414 1228 dii
451 1186 714 1245 sanctissimi,

359 1271 402 1309 et
437 1266 488 1310 de
525 1283 575 1311 eo
613 1267 925 1312 consultabant:

361 1347 433 1407 qui
468 1349 708 1393 universum
744 1353 886 1393 aerem

361 1434 479 1488 peste
515 1429 765 1487 miscuisset,

362 1516 435 1553 aut
469 1512 683 1570 progeniei
719 1512 926 1572 gigantem

363 1591 446 1636 Odi
481 1608 657 1637 uxorem
693 1591 892 1640 dedisset.

427 1675 567 1734 Rupta
608 1681 705 1718 sunt
733 1674 988 1733 juramenta,

362 1754 564 1814 promissa
602 1762 644 1800 et
679 1763 954 1811 sacramenta,

361 1841 481 1894 pacta
517 1836 703 1880 solennia
740 1844 903 1895 cuncta,

363 1930 457 1975 qua}
494 1915 664 1975 (antea)
702 1918 1035 1963 intercesserant.

364 1996 480 2040 Thor
514 1998 626 2042 solus
663 1997 704 2041 id
740 1999 894 2058 effecit,

363 2076 547 2121 tumidus
584 2095 670 2138 prae
707 2081 786 2138 ira,

362 2158 429 2202 ille
463 2174 560 2203 raro
597 2161 787 2221 quiescit,

364 2254 458 2283 cum
493 2241 590 2285 talia
626 2242 796 2288 inaudit.

167 2332 246 2380 43.
276 2336 383 2380 Tum
403 2337 675 2397 Ganglerius:
698 2340 797 2399 quid
817 2340 868 2385 de
889 2341 1195 2387 Skidbladnere
1214 2358 1460 2387 memoran-

101 2416 218 2475 dum,
257 2418 327 2478 qui
347 2418 400 2462 sit
425 2419 590 2463 navium
618 2421 807 2480 optima?
850 2424 1033 2468 Nullane
1060 2425 1174 2470 navis
1203 2429 1460 2486 aeque‘prae-

103 2504 220 2543 stans
242 2505 320 2558 est,
343 2505 415 2544 aut
434 2516 554 2561 aeque
574 2502 759 2561 magna?
797 2505 873 2549 Cui
892 2507 1004 2550 Har:
1035 2505 1318 2550 Skidbladner
1338 2506 1460 2563 (om-

103 2578 242 2639 nium)
273 2580 437 2624 navium
466 2582 622 2642 optima
659 2590 701 2628 et
732 2601 896 2630 summo
931 2586 1104 2631 artificio
1140 2587 1339 2631 fabricata
1378 2592 1458 2644 est,

103 2659 341 2717 Naglsarius
362 2677 482 2721 vero,
520 2664 590 2724 qui
616 2664 655 2708 in
675 2667 883 2727 Muspello
904 2674 1008 2727 est,·
1028 2668 1139 2713 navis
1173 2675 1238 2713 est
1265 2667 1458 2712 maxima.

196 2806 234 2848 a)
262 2809 417 2850 valuspai
440 2811 496 2843 23.
523 2812 579 2845 24.
