<?xml version="1.0" encoding="UTF-8"?>
<!DOCTYPE html PUBLIC "-//W3C//DTD XHTML 1.0 Transitional//EN"
    "http://www.w3.org/TR/xhtml1/DTD/xhtml1-transitional.dtd">
<html xmlns="http://www.w3.org/1999/xhtml" xml:lang="en" lang="en">
 <head>
  <title>
</title>
<meta http-equiv="Content-Type" content="text/html;charset=utf-8" />
  <meta name='ocr-system' content='tesseract 3.04.00' />
  <meta name='ocr-capabilities' content='ocr_page ocr_carea ocr_par ocr_line ocrx_word'/>
</head>
<body>
  <div class='ocr_page' id='page_1' title='image "./eddasnorrasturlu01hafnuoft_0041.png"; bbox 0 0 1811 3256; ppageno 0'>
   <div class='ocr_carea' id='block_1_1' title="bbox 42 209 1392 263">
    <p class='ocr_par' dir='ltr' id='par_1_1' title="bbox 42 209 1392 263">
     <span class='ocr_line' id='line_1_1' title="bbox 42 209 1392 263; baseline -0.007 0"><span class='ocrx_word' id='word_1_1' title='bbox 42 218 92 263; x_wconf 90' lang='lat' dir='ltr'>C.</span> <span class='ocrx_word' id='word_1_2' title='bbox 114 212 115 215; x_wconf 68' lang='grc'>’</span> <span class='ocrx_word' id='word_1_3' title='bbox 131 214 275 262; x_wconf 86' lang='grc'>9-10.</span> <span class='ocrx_word' id='word_1_4' title='bbox 530 244 537 246; x_wconf 83' lang='lat'>-</span> <span class='ocrx_word' id='word_1_5' title='bbox 567 226 820 262; x_wconf 73' lang='lat' dir='ltr'>PRAEFA&#39;rm.</span> <span class='ocrx_word' id='word_1_6' title='bbox 1328 209 1392 255; x_wconf 85' lang='lat'>25</span> 
     </span>
    </p>
   </div>
   <div class='ocr_carea' id='block_1_2' title="bbox 41 347 1408 2276">
    <p class='ocr_par' dir='ltr' id='par_1_2' title="bbox 41 347 1396 978">
     <span class='ocr_line' id='line_1_2' title="bbox 41 347 1391 413; baseline -0.005 -13"><span class='ocrx_word' id='word_1_7' title='bbox 41 370 210 413; x_wconf 85' lang='lat' dir='ltr'>camus,</span> <span class='ocrx_word' id='word_1_8' title='bbox 239 353 356 413; x_wconf 90' lang='lat' dir='ltr'>cujus</span> <span class='ocrx_word' id='word_1_9' title='bbox 384 354 493 399; x_wconf 91' lang='lat' dir='ltr'>filius</span> <span class='ocrx_word' id='word_1_10' title='bbox 520 354 811 408; x_wconf 88' lang='lat' dir='ltr'>Iturmannus,</span> <span class='ocrx_word' id='word_1_11' title='bbox 841 348 958 408; x_wconf 90' lang='lat' dir='ltr'>cujus</span> <span class='ocrx_word' id='word_1_12' title='bbox 986 348 1095 393; x_wconf 89' lang='lat' dir='ltr'>filius</span> <span class='ocrx_word' id='word_1_13' title='bbox 1124 347 1391 407; x_wconf 90' lang='lat' dir='ltr'>Hermodus,</span> 
     </span>
     <span class='ocr_line' id='line_1_3' title="bbox 42 429 1391 495; baseline -0.007 -14"><span class='ocrx_word' id='word_1_14' title='bbox 42 435 161 495; x_wconf 89' lang='lat' dir='ltr'>cujus</span> <span class='ocrx_word' id='word_1_15' title='bbox 195 435 303 480; x_wconf 88' lang='lat' dir='ltr'>filius</span> <span class='ocrx_word' id='word_1_16' title='bbox 333 434 641 494; x_wconf 87' lang='lat' dir='ltr'>Skjaldunnus,</span> <span class='ocrx_word' id='word_1_17' title='bbox 686 445 814 491; x_wconf 90' lang='lat' dir='ltr'>quem</span> <span class='ocrx_word' id='word_1_18' title='bbox 850 429 1071 488; x_wconf 88' lang='lat' dir='ltr'>Skjoldum</span> <span class='ocrx_word' id='word_1_19' title='bbox 1107 429 1391 489; x_wconf 71' lang='lat' dir='ltr'>appellamus,</span> 
     </span>
     <span class='ocr_line' id='line_1_4' title="bbox 43 509 1391 575; baseline -0.005 -14"><span class='ocrx_word' id='word_1_20' title='bbox 43 516 167 575; x_wconf 87' lang='lat' dir='ltr'>hujus</span> <span class='ocrx_word' id='word_1_21' title='bbox 193 516 301 560; x_wconf 86' lang='lat' dir='ltr'>filius</span> <span class='ocrx_word' id='word_1_22' title='bbox 324 515 492 574; x_wconf 88' lang='lat' dir='ltr'>Bjavus,</span> <span class='ocrx_word' id='word_1_23' title='bbox 526 527 652 573; x_wconf 90' lang='lat' dir='ltr'>quem</span> <span class='ocrx_word' id='word_1_24' title='bbox 677 527 752 556; x_wconf 91' lang='lat' dir='ltr'>nos</span> <span class='ocrx_word' id='word_1_25' title='bbox 777 510 944 570; x_wconf 85' lang='lat' dir='ltr'>Bjarem</span> <span class='ocrx_word' id='word_1_26' title='bbox 962 510 1241 568; x_wconf 75' lang='lat' dir='ltr'>nominamus,</span> <span class='ocrx_word' id='word_1_27' title='bbox 1268 509 1391 568; x_wconf 90' lang='lat' dir='ltr'>hujus</span> 
     </span>
     <span class='ocr_line' id='line_1_5' title="bbox 44 589 1391 655; baseline -0.006 -13"><span class='ocrx_word' id='word_1_28' title='bbox 44 597 152 642; x_wconf 86' lang='lat' dir='ltr'>filius</span> <span class='ocrx_word' id='word_1_29' title='bbox 171 598 313 655; x_wconf 88' lang='lat' dir='ltr'>Jatus,</span> <span class='ocrx_word' id='word_1_30' title='bbox 348 595 472 654; x_wconf 90' lang='lat' dir='ltr'>hujus</span> <span class='ocrx_word' id='word_1_31' title='bbox 491 593 599 637; x_wconf 93' lang='lat' dir='ltr'>filius</span> <span class='ocrx_word' id='word_1_32' title='bbox 620 592 858 650; x_wconf 88' lang='lat' dir='ltr'>Gudolvus,</span> <span class='ocrx_word' id='word_1_33' title='bbox 888 591 1012 651; x_wconf 87' lang='lat' dir='ltr'>hujus</span> <span class='ocrx_word' id='word_1_34' title='bbox 1031 591 1140 635; x_wconf 86' lang='lat' dir='ltr'>filius</span> <span class='ocrx_word' id='word_1_35' title='bbox 1158 589 1391 649; x_wconf 71' lang='lat' dir='ltr'>Fjarlavus,</span> 
     </span>
     <span class='ocr_line' id='line_1_6' title="bbox 44 672 1393 739; baseline -0.005 -16"><span class='ocrx_word' id='word_1_36' title='bbox 44 694 171 739; x_wconf 88' lang='lat' dir='ltr'>quem</span> <span class='ocrx_word' id='word_1_37' title='bbox 189 677 441 723; x_wconf 85' lang='lat' dir='ltr'>Fridleivum</span> <span class='ocrx_word' id='word_1_38' title='bbox 466 674 750 735; x_wconf 74' lang='lat' dir='ltr'>appellamus,</span> <span class='ocrx_word' id='word_1_39' title='bbox 777 673 848 734; x_wconf 90' lang='lat' dir='ltr'>qui</span> <span class='ocrx_word' id='word_1_40' title='bbox 867 673 998 717; x_wconf 90' lang='lat' dir='ltr'>filium</span> <span class='ocrx_word' id='word_1_41' title='bbox 1016 672 1265 733; x_wconf 75' lang='lat' dir='ltr'>progenuit,</span> <span class='ocrx_word' id='word_1_42' title='bbox 1296 673 1393 717; x_wconf 85' lang='lat' dir='ltr'>Vo-</span> 
     </span>
     <span class='ocr_line' id='line_1_7' title="bbox 46 753 1393 816; baseline -0.006 -12"><span class='ocrx_word' id='word_1_43' title='bbox 46 759 185 803; x_wconf 89' lang='lat' dir='ltr'>dinem</span> <span class='ocrx_word' id='word_1_44' title='bbox 217 758 498 814; x_wconf 88' lang='lat' dir='ltr'>nominatum,</span> <span class='ocrx_word' id='word_1_45' title='bbox 536 770 661 816; x_wconf 89' lang='lat' dir='ltr'>quem</span> <span class='ocrx_word' id='word_1_46' title='bbox 696 770 772 799; x_wconf 92' lang='lat' dir='ltr'>nos</span> <span class='ocrx_word' id='word_1_47' title='bbox 811 753 992 799; x_wconf 92' lang='lat' dir='ltr'>Odinem</span> <span class='ocrx_word' id='word_1_48' title='bbox 1028 753 1301 813; x_wconf 87' lang='lat' dir='ltr'>appellamus.</span> <span class='ocrx_word' id='word_1_49' title='bbox 1355 753 1393 796; x_wconf 92' lang='lat' dir='ltr'>Is</span> 
     </span>
     <span class='ocr_line' id='line_1_8' title="bbox 47 832 1396 900; baseline -0.006 -15"><span class='ocrx_word' id='word_1_50' title='bbox 47 840 246 900; x_wconf 85' lang='lat' dir='ltr'>sapientia</span> <span class='ocrx_word' id='word_1_51' title='bbox 275 837 581 898; x_wconf 89' lang='lat' dir='ltr'>omnigenaque</span> <span class='ocrx_word' id='word_1_52' title='bbox 607 836 845 896; x_wconf 73' lang='lat' dir='ltr'>praestantia</span> <span class='ocrx_word' id='word_1_53' title='bbox 864 833 1118 892; x_wconf 73' lang='lat' dir='ltr'>excellebat,</span> <span class='ocrx_word' id='word_1_54' title='bbox 1155 834 1276 878; x_wconf 80' lang='lat' dir='ltr'>uxori</span> <span class='ocrx_word' id='word_1_55' title='bbox 1305 832 1396 893; x_wconf 89' lang='lat' dir='ltr'>ejus</span> 
     </span>
     <span class='ocr_line' id='line_1_9' title="bbox 46 916 1215 978; baseline -0.005 -13"><span class='ocrx_word' id='word_1_56' title='bbox 46 936 200 965; x_wconf 83' lang='lat' dir='ltr'>nomen</span> <span class='ocrx_word' id='word_1_57' title='bbox 218 925 308 964; x_wconf 89' lang='lat' dir='ltr'>erat</span> <span class='ocrx_word' id='word_1_58' title='bbox 323 917 516 978; x_wconf 90' lang='lat' dir='ltr'>Frigida,</span> <span class='ocrx_word' id='word_1_59' title='bbox 552 932 678 978; x_wconf 89' lang='lat' dir='ltr'>quam</span> <span class='ocrx_word' id='word_1_60' title='bbox 695 932 772 961; x_wconf 89' lang='lat' dir='ltr'>nos</span> <span class='ocrx_word' id='word_1_61' title='bbox 788 916 986 976; x_wconf 88' lang='lat' dir='ltr'>Friggam</span> <span class='ocrx_word' id='word_1_62' title='bbox 1004 930 1215 960; x_wconf 80' lang='lat' dir='ltr'>vocamus.</span> 
     </span>
    </p>

    <p class='ocr_par' dir='ltr' id='par_1_3' title="bbox 48 994 1408 2276">
     <span class='ocr_line' id='line_1_10' title="bbox 187 994 1398 1059; baseline -0.005 -14"><span class='ocrx_word' id='word_1_63' title='bbox 187 999 258 1046; x_wconf 89' lang='lat'>10.</span> <span class='ocrx_word' id='word_1_64' title='bbox 330 998 441 1044; x_wconf 86' lang='lat' dir='ltr'>Odin</span> <span class='ocrx_word' id='word_1_65' title='bbox 468 997 644 1059; x_wconf 83' lang='lat' dir='ltr'>ejusque</span> <span class='ocrx_word' id='word_1_66' title='bbox 669 1014 777 1043; x_wconf 78' lang='lat' dir='ltr'>uxor</span> <span class='ocrx_word' id='word_1_67' title='bbox 795 998 990 1042; x_wconf 76' lang='lat' dir='ltr'>facultate</span> <span class='ocrx_word' id='word_1_68' title='bbox 1010 996 1216 1041; x_wconf 90' lang='lat' dir='ltr'>divinandi</span> <span class='ocrx_word' id='word_1_69' title='bbox 1235 994 1398 1056; x_wconf 82' lang='lat' dir='ltr'>praediti</span> 
     </span>
     <span class='ocr_line' id='line_1_11' title="bbox 48 1076 1397 1141; baseline -0.005 -14"><span class='ocrx_word' id='word_1_70' title='bbox 48 1087 195 1139; x_wconf 82' lang='lat' dir='ltr'>erant3</span> <span class='ocrx_word' id='word_1_71' title='bbox 232 1095 314 1141; x_wconf 92' lang='lat' dir='ltr'>qua</span> <span class='ocrx_word' id='word_1_72' title='bbox 357 1079 607 1124; x_wconf 82' lang='lat' dir='ltr'>divinatione</span> <span class='ocrx_word' id='word_1_73' title='bbox 651 1079 940 1139; x_wconf 61' lang='lat' dir='ltr'>praevidebat,</span> <span class='ocrx_word' id='word_1_74' title='bbox 992 1093 1145 1123; x_wconf 92' lang='lat' dir='ltr'>nomen</span> <span class='ocrx_word' id='word_1_75' title='bbox 1192 1092 1315 1123; x_wconf 90' lang='lat' dir='ltr'>suum</span> <span class='ocrx_word' id='word_1_76' title='bbox 1356 1076 1397 1121; x_wconf 91' lang='lat' dir='ltr'>in</span> 
     </span>
     <span class='ocr_line' id='line_1_12' title="bbox 48 1158 1400 1224; baseline -0.004 -16"><span class='ocrx_word' id='word_1_77' title='bbox 48 1161 378 1224; x_wconf 84' lang='lat' dir='ltr'>septemtrionali</span> <span class='ocrx_word' id='word_1_78' title='bbox 403 1166 522 1221; x_wconf 87' lang='lat' dir='ltr'>parte</span> <span class='ocrx_word' id='word_1_79' title='bbox 551 1159 663 1204; x_wconf 87' lang='lat' dir='ltr'>orbis</span> <span class='ocrx_word' id='word_1_80' title='bbox 695 1167 903 1205; x_wconf 87' lang='lat' dir='ltr'>terrarum</span> <span class='ocrx_word' id='word_1_81' title='bbox 931 1159 1135 1204; x_wconf 89' lang='lat' dir='ltr'>memoria</span> <span class='ocrx_word' id='word_1_82' title='bbox 1163 1158 1321 1203; x_wconf 92' lang='lat' dir='ltr'>cultum</span> <span class='ocrx_word' id='word_1_83' title='bbox 1357 1163 1400 1202; x_wconf 92' lang='lat' dir='ltr'>et</span> 
     </span>
     <span class='ocr_line' id='line_1_13' title="bbox 48 1240 1400 1305; baseline -0.004 -17"><span class='ocrx_word' id='word_1_84' title='bbox 48 1259 135 1305; x_wconf 85' lang='lat' dir='ltr'>prae</span> <span class='ocrx_word' id='word_1_85' title='bbox 160 1242 310 1288; x_wconf 87' lang='lat' dir='ltr'>ceteris</span> <span class='ocrx_word' id='word_1_86' title='bbox 336 1241 511 1301; x_wconf 87' lang='lat' dir='ltr'>regibus</span> <span class='ocrx_word' id='word_1_87' title='bbox 537 1240 796 1286; x_wconf 87' lang='lat' dir='ltr'>celebratum</span> <span class='ocrx_word' id='word_1_88' title='bbox 819 1241 883 1285; x_wconf 91' lang='lat' dir='ltr'>iri.</span> <span class='ocrx_word' id='word_1_89' title='bbox 945 1242 1084 1295; x_wconf 85' lang='lat' dir='ltr'>Quam</span> <span class='ocrx_word' id='word_1_90' title='bbox 1117 1240 1172 1285; x_wconf 89' lang='lat' dir='ltr'>ob</span> <span class='ocrx_word' id='word_1_91' title='bbox 1210 1255 1400 1284; x_wconf 83' lang='lat' dir='ltr'>caussam</span> 
     </span>
     <span class='ocr_line' id='line_1_14' title="bbox 50 1321 1399 1386; baseline -0.004 -17"><span class='ocrx_word' id='word_1_92' title='bbox 50 1323 301 1385; x_wconf 70' lang='lat' dir='ltr'>Tyrklandia</span> <span class='ocrx_word' id='word_1_93' title='bbox 319 1323 463 1368; x_wconf 88' lang='lat' dir='ltr'>relicta</span> <span class='ocrx_word' id='word_1_94' title='bbox 481 1322 865 1383; x_wconf 82' lang='lat' dir='ltr'>peregrinationem</span> <span class='ocrx_word' id='word_1_95' title='bbox 891 1323 1102 1383; x_wconf 83' lang='lat' dir='ltr'>suscipere</span> <span class='ocrx_word' id='word_1_96' title='bbox 1123 1321 1274 1386; x_wconf 87' lang='lat' dir='ltr'>cupiit,</span> <span class='ocrx_word' id='word_1_97' title='bbox 1301 1336 1399 1365; x_wconf 92' lang='lat' dir='ltr'>ma-</span> 
     </span>
     <span class='ocr_line' id='line_1_15' title="bbox 50 1403 1399 1466; baseline -0.003 -17"><span class='ocrx_word' id='word_1_98' title='bbox 50 1420 260 1466; x_wconf 91' lang='lat' dir='ltr'>gnamque</span> <span class='ocrx_word' id='word_1_99' title='bbox 297 1419 440 1449; x_wconf 89' lang='lat' dir='ltr'>secum</span> <span class='ocrx_word' id='word_1_100' title='bbox 475 1403 789 1448; x_wconf 85' lang='lat' dir='ltr'>multitudinem</span> <span class='ocrx_word' id='word_1_101' title='bbox 827 1403 1068 1463; x_wconf 89' lang='lat' dir='ltr'>hominum,</span> <span class='ocrx_word' id='word_1_102' title='bbox 1111 1403 1399 1463; x_wconf 88' lang='lat' dir='ltr'>juvenumque</span> 
     </span>
     <span class='ocr_line' id='line_1_16' title="bbox 52 1482 1401 1547; baseline -0.003 -17"><span class='ocrx_word' id='word_1_103' title='bbox 52 1501 319 1547; x_wconf 88' lang='lat' dir='ltr'>senumque,</span> <span class='ocrx_word' id='word_1_104' title='bbox 368 1486 636 1545; x_wconf 88' lang='lat' dir='ltr'>virorumque</span> <span class='ocrx_word' id='word_1_105' title='bbox 681 1491 724 1528; x_wconf 85' lang='lat' dir='ltr'>et</span> <span class='ocrx_word' id='word_1_106' title='bbox 770 1485 1018 1529; x_wconf 82' lang='lat' dir='ltr'>feminarum</span> <span class='ocrx_word' id='word_1_107' title='bbox 1073 1484 1278 1543; x_wconf 78' lang='lat' dir='ltr'>abduxit,</span> <span class='ocrx_word' id='word_1_108' title='bbox 1330 1482 1401 1544; x_wconf 91' lang='lat' dir='ltr'>qui</span> 
     </span>
     <span class='ocr_line' id='line_1_17' title="bbox 51 1565 1400 1627; baseline -0.003 -15"><span class='ocrx_word' id='word_1_109' title='bbox 51 1567 202 1612; x_wconf 88' lang='lat' dir='ltr'>multas</span> <span class='ocrx_word' id='word_1_110' title='bbox 244 1583 312 1612; x_wconf 88' lang='lat' dir='ltr'>res</span> <span class='ocrx_word' id='word_1_111' title='bbox 353 1566 558 1627; x_wconf 88' lang='lat' dir='ltr'>pretiosas</span> <span class='ocrx_word' id='word_1_112' title='bbox 595 1565 719 1610; x_wconf 89' lang='lat' dir='ltr'>domo</span> <span class='ocrx_word' id='word_1_113' title='bbox 758 1565 1036 1611; x_wconf 86' lang='lat' dir='ltr'>abstulerunt.</span> <span class='ocrx_word' id='word_1_114' title='bbox 1115 1567 1400 1625; x_wconf 86' lang='lat' dir='ltr'>Quascunque</span> 
     </span>
     <span class='ocr_line' id='line_1_18' title="bbox 52 1646 1401 1710; baseline -0.003 -17"><span class='ocrx_word' id='word_1_115' title='bbox 52 1654 184 1694; x_wconf 87' lang='lat' dir='ltr'>terras</span> <span class='ocrx_word' id='word_1_116' title='bbox 203 1653 501 1710; x_wconf 73' lang='lat' dir='ltr'>peragrarent,</span> <span class='ocrx_word' id='word_1_117' title='bbox 531 1647 662 1691; x_wconf 90' lang='lat' dir='ltr'>multa</span> <span class='ocrx_word' id='word_1_118' title='bbox 690 1647 838 1691; x_wconf 79' lang='lat' dir='ltr'>eximia</span> <span class='ocrx_word' id='word_1_119' title='bbox 865 1646 917 1692; x_wconf 90' lang='lat' dir='ltr'>de</span> <span class='ocrx_word' id='word_1_120' title='bbox 946 1647 1024 1692; x_wconf 93' lang='lat' dir='ltr'>illis</span> <span class='ocrx_word' id='word_1_121' title='bbox 1051 1646 1401 1708; x_wconf 80' lang='lat' dir='ltr'>praedicabantur,</span> 
     </span>
     <span class='ocr_line' id='line_1_19' title="bbox 51 1727 1400 1790; baseline -0.002 -16"><span class='ocrx_word' id='word_1_122' title='bbox 51 1735 100 1774; x_wconf 91' lang='lat' dir='ltr'>ut</span> <span class='ocrx_word' id='word_1_123' title='bbox 117 1730 334 1774; x_wconf 90' lang='lat' dir='ltr'>similiores</span> <span class='ocrx_word' id='word_1_124' title='bbox 355 1729 446 1787; x_wconf 89' lang='lat' dir='ltr'>diis,</span> <span class='ocrx_word' id='word_1_125' title='bbox 460 1744 585 1790; x_wconf 90' lang='lat' dir='ltr'>quam</span> <span class='ocrx_word' id='word_1_126' title='bbox 604 1727 858 1787; x_wconf 89' lang='lat' dir='ltr'>hominibus,</span> <span class='ocrx_word' id='word_1_127' title='bbox 881 1729 1101 1773; x_wconf 79' lang='lat' dir='ltr'>existimati</span> <span class='ocrx_word' id='word_1_128' title='bbox 1115 1729 1209 1773; x_wconf 88' lang='lat' dir='ltr'>sint.</span> <span class='ocrx_word' id='word_1_129' title='bbox 1246 1728 1400 1771; x_wconf 87' lang='lat' dir='ltr'>Itinere</span> 
     </span>
     <span class='ocr_line' id='line_1_20' title="bbox 52 1807 1402 1870; baseline -0.001 -15"><span class='ocrx_word' id='word_1_130' title='bbox 52 1826 137 1855; x_wconf 91' lang='lat' dir='ltr'>non</span> <span class='ocrx_word' id='word_1_131' title='bbox 166 1810 280 1870; x_wconf 89' lang='lat' dir='ltr'>prius</span> <span class='ocrx_word' id='word_1_132' title='bbox 314 1809 589 1868; x_wconf 88' lang='lat' dir='ltr'>destiterunt,</span> <span class='ocrx_word' id='word_1_133' title='bbox 627 1824 751 1869; x_wconf 90' lang='lat' dir='ltr'>quam</span> <span class='ocrx_word' id='word_1_134' title='bbox 778 1809 818 1852; x_wconf 93' lang='lat' dir='ltr'>in</span> <span class='ocrx_word' id='word_1_135' title='bbox 847 1815 1003 1853; x_wconf 86' lang='lat' dir='ltr'>terram</span> <span class='ocrx_word' id='word_1_136' title='bbox 1030 1809 1071 1853; x_wconf 88' lang='lat' dir='ltr'>in</span> <span class='ocrx_word' id='word_1_137' title='bbox 1098 1808 1287 1870; x_wconf 89' lang='lat' dir='ltr'>partibus</span> <span class='ocrx_word' id='word_1_138' title='bbox 1316 1807 1402 1853; x_wconf 92' lang='lat' dir='ltr'>ho-</span> 
     </span>
     <span class='ocr_line' id='line_1_21' title="bbox 52 1889 1404 1950; baseline -0.001 -15"><span class='ocrx_word' id='word_1_139' title='bbox 52 1890 236 1935; x_wconf 88' lang='lat' dir='ltr'>realibus</span> <span class='ocrx_word' id='word_1_140' title='bbox 255 1891 393 1950; x_wconf 84' lang='lat' dir='ltr'>sitam,</span> <span class='ocrx_word' id='word_1_141' title='bbox 412 1906 522 1935; x_wconf 88' lang='lat' dir='ltr'>nunc</span> <span class='ocrx_word' id='word_1_142' title='bbox 542 1890 763 1934; x_wconf 81' lang='lat' dir='ltr'>Saxoniam</span> <span class='ocrx_word' id='word_1_143' title='bbox 783 1889 948 1949; x_wconf 84' lang='lat' dir='ltr'>dictam,</span> <span class='ocrx_word' id='word_1_144' title='bbox 975 1896 1271 1950; x_wconf 87' lang='lat' dir='ltr'>pervenerunt.</span> <span class='ocrx_word' id='word_1_145' title='bbox 1324 1890 1404 1934; x_wconf 90' lang='lat' dir='ltr'>Hic</span> 
     </span>
     <span class='ocr_line' id='line_1_22' title="bbox 54 1971 1406 2032; baseline -0.001 -16"><span class='ocrx_word' id='word_1_146' title='bbox 54 1972 228 2031; x_wconf 91' lang='lat' dir='ltr'>longum</span> <span class='ocrx_word' id='word_1_147' title='bbox 257 1978 422 2032; x_wconf 87' lang='lat' dir='ltr'>tempus</span> <span class='ocrx_word' id='word_1_148' title='bbox 457 1977 669 2029; x_wconf 89' lang='lat' dir='ltr'>moratus,</span> <span class='ocrx_word' id='word_1_149' title='bbox 715 1972 846 2015; x_wconf 88' lang='lat' dir='ltr'>multa</span> <span class='ocrx_word' id='word_1_150' title='bbox 890 1971 980 2031; x_wconf 88' lang='lat' dir='ltr'>ejus</span> <span class='ocrx_word' id='word_1_151' title='bbox 1030 1978 1154 2016; x_wconf 83' lang='lat' dir='ltr'>terrae</span> <span class='ocrx_word' id='word_1_152' title='bbox 1193 1972 1283 2015; x_wconf 90' lang='lat' dir='ltr'>loca</span> <span class='ocrx_word' id='word_1_153' title='bbox 1319 1985 1406 2014; x_wconf 83' lang='lat' dir='ltr'>suae</span> 
     </span>
     <span class='ocr_line' id='line_1_23' title="bbox 55 2051 1405 2112; baseline -0.001 -15"><span class='ocrx_word' id='word_1_154' title='bbox 55 2052 198 2098; x_wconf 83' lang='lat' dir='ltr'>ditioni</span> <span class='ocrx_word' id='word_1_155' title='bbox 230 2052 420 2112; x_wconf 88' lang='lat' dir='ltr'>subjecit.</span> <span class='ocrx_word' id='word_1_156' title='bbox 472 2052 534 2097; x_wconf 88' lang='lat' dir='ltr'>Ibi</span> <span class='ocrx_word' id='word_1_157' title='bbox 572 2051 682 2097; x_wconf 91' lang='lat' dir='ltr'>Odin</span> <span class='ocrx_word' id='word_1_158' title='bbox 717 2058 840 2097; x_wconf 83' lang='lat' dir='ltr'>terrae</span> <span class='ocrx_word' id='word_1_159' title='bbox 875 2052 1158 2098; x_wconf 82' lang='lat' dir='ltr'>custodiendae</span> <span class='ocrx_word' id='word_1_160' title='bbox 1186 2059 1270 2096; x_wconf 89' lang='lat' dir='ltr'>tres</span> <span class='ocrx_word' id='word_1_161' title='bbox 1298 2052 1405 2096; x_wconf 89' lang='lat' dir='ltr'>filios</span> 
     </span>
     <span class='ocr_line' id='line_1_24' title="bbox 56 2133 1405 2195; baseline 0 -17"><span class='ocrx_word' id='word_1_162' title='bbox 56 2148 154 2179; x_wconf 87' lang='lat' dir='ltr'>suos</span> <span class='ocrx_word' id='word_1_163' title='bbox 173 2133 379 2194; x_wconf 83' lang='lat' dir='ltr'>praefecit,</span> <span class='ocrx_word' id='word_1_164' title='bbox 409 2149 589 2195; x_wconf 92' lang='lat' dir='ltr'>quorum</span> <span class='ocrx_word' id='word_1_165' title='bbox 606 2149 714 2178; x_wconf 89' lang='lat' dir='ltr'>unus</span> <span class='ocrx_word' id='word_1_166' title='bbox 735 2134 970 2179; x_wconf 89' lang='lat' dir='ltr'>nominatus</span> <span class='ocrx_word' id='word_1_167' title='bbox 998 2141 1062 2179; x_wconf 88' lang='lat' dir='ltr'>est</span> <span class='ocrx_word' id='word_1_168' title='bbox 1090 2133 1405 2194; x_wconf 90' lang='lat' dir='ltr'>Veggdeggus,</span> 
     </span>
     <span class='ocr_line' id='line_1_25' title="bbox 55 2214 1408 2276; baseline -0.001 -17"><span class='ocrx_word' id='word_1_169' title='bbox 55 2230 130 2259; x_wconf 87' lang='lat' dir='ltr'>rex</span> <span class='ocrx_word' id='word_1_170' title='bbox 163 2220 333 2275; x_wconf 89' lang='lat' dir='ltr'>potens,</span> <span class='ocrx_word' id='word_1_171' title='bbox 371 2215 441 2276; x_wconf 92' lang='lat' dir='ltr'>qui</span> <span class='ocrx_word' id='word_1_172' title='bbox 475 2215 665 2259; x_wconf 78' lang='lat' dir='ltr'>Saxoniae</span> <span class='ocrx_word' id='word_1_173' title='bbox 695 2215 884 2259; x_wconf 88' lang='lat' dir='ltr'>orientali</span> <span class='ocrx_word' id='word_1_174' title='bbox 920 2216 1099 2276; x_wconf 84' lang='lat' dir='ltr'>praefuit.</span> <span class='ocrx_word' id='word_1_175' title='bbox 1157 2215 1262 2274; x_wconf 87' lang='lat' dir='ltr'>Ejus</span> <span class='ocrx_word' id='word_1_176' title='bbox 1298 2214 1408 2259; x_wconf 88' lang='lat' dir='ltr'>filius</span> 
     </span>
    </p>
   </div>
   <div class='ocr_carea' id='block_1_3' title="bbox 56 2304 1414 2849">
    <p class='ocr_par' dir='ltr' id='par_1_4' title="bbox 56 2304 1414 2849">
     <span class='ocr_line' id='line_1_26' title="bbox 58 2304 1411 2360; baseline -0.001 -14"><span class='ocrx_word' id='word_1_177' title='bbox 58 2313 192 2346; x_wconf 76' lang='lat' dir='ltr'>deinde</span> <span class='ocrx_word' id='word_1_178' title='bbox 216 2323 376 2356; x_wconf 75' lang='lat' dir='ltr'>sequens</span> <span class='ocrx_word' id='word_1_179' title='bbox 403 2317 512 2356; x_wconf 79' lang='lat' dir='ltr'>caput</span> <span class='ocrx_word' id='word_1_180' title='bbox 536 2312 733 2346; x_wconf 76' lang='lat' dir='ltr'>inscribit.-</span> <span class='ocrx_word' id='word_1_181' title='bbox 758 2313 828 2345; x_wconf 79' lang='lat' dir='ltr'>Fra</span> <span class='ocrx_word' id='word_1_182' title='bbox 853 2313 916 2360; x_wconf 67' lang='lat' dir='ltr'>pvi</span> <span class='ocrx_word' id='word_1_183' title='bbox 941 2324 978 2345; x_wconf 81' lang='lat' dir='ltr'>er·</span> <span class='ocrx_word' id='word_1_184' title='bbox 1003 2304 1097 2358; x_wconf 70' lang='lat' dir='ltr'>(spin</span> <span class='ocrx_word' id='word_1_185' title='bbox 1122 2314 1201 2346; x_wconf 87' lang='lat' dir='ltr'>kom</span> <span class='ocrx_word' id='word_1_186' title='bbox 1228 2313 1249 2346; x_wconf 68' lang='grc' dir='ltr'>ἐι</span> <span class='ocrx_word' id='word_1_187' title='bbox 1272 2312 1411 2346; x_wconf 69' lang='grc' dir='ltr'>Νονόπ-</span> 
     </span>
     <span class='ocr_line' id='line_1_27' title="bbox 56 2372 1411 2422; baseline 0.001 -16"><span class='ocrx_word' id='word_1_188' title='bbox 56 2373 149 2408; x_wconf 69' lang='lat' dir='ltr'>land.</span> <span class='ocrx_word' id='word_1_189' title='bbox 174 2393 219 2398; x_wconf 91' lang='lat'>—-</span> <span class='ocrx_word' id='word_1_190' title='bbox 244 2373 294 2418; x_wconf 74' lang='grc'>17)</span> <span class='ocrx_word' id='word_1_191' title='bbox 320 2375 424 2417; x_wconf 86' lang='lat' dir='ltr'>helzt,</span> <span class='ocrx_word' id='word_1_192' title='bbox 446 2375 494 2416; x_wconf 90' lang='lat' dir='ltr'>H,</span> <span class='ocrx_word' id='word_1_193' title='bbox 513 2374 601 2409; x_wconf 80' lang='lat' dir='ltr'>Res.</span> <span class='ocrx_word' id='word_1_194' title='bbox 627 2393 671 2398; x_wconf 78' lang='lat'>—</span> <span class='ocrx_word' id='word_1_195' title='bbox 701 2373 749 2416; x_wconf 74' lang='grc'>18)</span> <span class='ocrx_word' id='word_1_196' title='bbox 775 2373 907 2416; x_wconf 87' lang='lat' dir='ltr'>haeims,</span> <span class='ocrx_word' id='word_1_197' title='bbox 945 2374 999 2407; x_wconf 91' lang='lat' dir='ltr'>W.</span> <span class='ocrx_word' id='word_1_198' title='bbox 1023 2394 1067 2398; x_wconf 92' lang='lat'>—</span> <span class='ocrx_word' id='word_1_199' title='bbox 1094 2372 1144 2418; x_wconf 81' lang='lat'>¹⁹)</span> <span class='ocrx_word' id='word_1_200' title='bbox 1169 2375 1248 2422; x_wconf 60' lang='lat' dir='ltr'>par,</span> <span class='ocrx_word' id='word_1_201' title='bbox 1286 2374 1340 2408; x_wconf 88' lang='lat' dir='ltr'>W.</span> <span class='ocrx_word' id='word_1_202' title='bbox 1367 2391 1411 2398; x_wconf 92' lang='lat'>-·</span> 
     </span>
     <span class='ocr_line' id='line_1_28' title="bbox 59 2434 1411 2487; baseline 0 -19"><span class='ocrx_word' id='word_1_203' title='bbox 59 2434 113 2478; x_wconf 82' lang='lat'>²⁰)</span> <span class='ocrx_word' id='word_1_204' title='bbox 139 2436 193 2476; x_wconf 79' lang='lat' dir='ltr'>af,</span> <span class='ocrx_word' id='word_1_205' title='bbox 230 2435 292 2478; x_wconf 88' lang='lat' dir='ltr'>W,</span> <span class='ocrx_word' id='word_1_206' title='bbox 322 2436 378 2480; x_wconf 88' lang='lat' dir='ltr'>H,</span> <span class='ocrx_word' id='word_1_207' title='bbox 403 2436 563 2487; x_wconf 41' lang='lat' dir='ltr'>Res4—</span> <span class='ocrx_word' id='word_1_208' title='bbox 586 2434 638 2479; x_wconf 85' lang='grc'>21)</span> <span class='ocrx_word' id='word_1_209' title='bbox 664 2435 811 2477; x_wconf 60' lang='lat' dir='ltr'>guisum,</span> <span class='ocrx_word' id='word_1_210' title='bbox 848 2435 902 2468; x_wconf 88' lang='lat' dir='ltr'>W.</span> <span class='ocrx_word' id='word_1_211' title='bbox 928 2455 973 2459; x_wconf 78' lang='lat'>—-</span> <span class='ocrx_word' id='word_1_212' title='bbox 997 2434 1049 2479; x_wconf 83' lang='grc'>22)</span> <span class='ocrx_word' id='word_1_213' title='bbox 1073 2436 1151 2484; x_wconf 64' lang='lat' dir='ltr'>{mir</span> <span class='ocrx_word' id='word_1_214' title='bbox 1182 2436 1266 2478; x_wconf 60' lang='lat' dir='ltr'>gdfu</span> <span class='ocrx_word' id='word_1_215' title='bbox 1292 2435 1321 2468; x_wconf 80' lang='lat' dir='ltr'>ei</span> <span class='ocrx_word' id='word_1_216' title='bbox 1348 2447 1411 2479; x_wconf 83' lang='lat' dir='ltr'>upp</span> 
     </span>
     <span class='ocr_line' id='line_1_29' title="bbox 59 2495 1342 2544; baseline 0.001 -15"><span class='ocrx_word' id='word_1_217' title='bbox 59 2496 139 2544; x_wconf 68' lang='lat' dir='ltr'>fer-f&gt;</span> <span class='ocrx_word' id='word_1_218' title='bbox 173 2498 271 2540; x_wconf 80' lang='lat' dir='ltr'>sina,</span> <span class='ocrx_word' id='word_1_219' title='bbox 302 2498 350 2530; x_wconf 88' lang='lat' dir='ltr'>H.</span> <span class='ocrx_word' id='word_1_220' title='bbox 375 2517 420 2522; x_wconf 82' lang='lat'>—</span> <span class='ocrx_word' id='word_1_221' title='bbox 443 2497 494 2541; x_wconf 76' lang='grc'>23)</span> <span class='ocrx_word' id='word_1_222' title='bbox 528 2509 598 2531; x_wconf 90' lang='lat' dir='ltr'>om.</span> <span class='ocrx_word' id='word_1_223' title='bbox 623 2497 670 2530; x_wconf 91' lang='lat' dir='ltr'>H.</span> <span class='ocrx_word' id='word_1_224' title='bbox 696 2515 739 2520; x_wconf 90' lang='lat'>—</span> <span class='ocrx_word' id='word_1_225' title='bbox 764 2495 816 2540; x_wconf 77' lang='lat'>2⁴¹]</span> <span class='ocrx_word' id='word_1_226' title='bbox 846 2495 910 2542; x_wconf 68' lang='lat'><strong>81³¹·</strong></span> <span class='ocrx_word' id='word_1_227' title='bbox 934 2496 1153 2544; x_wconf 64' lang='lat' dir='ltr'>pyscaland,</span> <span class='ocrx_word' id='word_1_228' title='bbox 1186 2498 1268 2530; x_wconf 81' lang='lat' dir='ltr'>add.</span> <span class='ocrx_word' id='word_1_229' title='bbox 1294 2498 1342 2530; x_wconf 87' lang='lat' dir='ltr'>H.</span> 
     </span>
     <span class='ocr_line' id='line_1_30' title="bbox 61 2548 1411 2605; baseline -0.001 -14"><span class='ocrx_word' id='word_1_230' title='bbox 61 2557 113 2600; x_wconf 79' lang='lat'>²⁵)</span> <span class='ocrx_word' id='word_1_231' title='bbox 140 2558 246 2600; x_wconf 62' lang='lat' dir='ltr'>lainga</span> <span class='ocrx_word' id='word_1_232' title='bbox 271 2560 368 2603; x_wconf 67' lang='lat' dir='ltr'>lii-io,</span> <span class='ocrx_word' id='word_1_233' title='bbox 408 2560 471 2599; x_wconf 89' lang='lat' dir='ltr'>W,</span> <span class='ocrx_word' id='word_1_234' title='bbox 496 2560 536 2592; x_wconf 81' lang='lat' dir='ltr'>S.</span> <span class='ocrx_word' id='word_1_235' title='bbox 562 2579 605 2582; x_wconf 88' lang='lat'><strong>—</strong></span> <span class='ocrx_word' id='word_1_236' title='bbox 629 2557 682 2601; x_wconf 72' lang='grc'>26)</span> <span class='ocrx_word' id='word_1_237' title='bbox 709 2558 819 2591; x_wconf 82' lang='lat' dir='ltr'>dvaldi</span> <span class='ocrx_word' id='word_1_238' title='bbox 846 2548 911 2591; x_wconf 68' lang='grc' dir='ltr'>ὁὸ.</span> <span class='ocrx_word' id='word_1_239' title='bbox 940 2559 1043 2600; x_wconf 71' lang='lat' dir='ltr'>lainga</span> <span class='ocrx_word' id='word_1_240' title='bbox 1067 2557 1143 2605; x_wconf 78' lang='lat' dir='ltr'>rsp,</span> <span class='ocrx_word' id='word_1_241' title='bbox 1178 2561 1222 2592; x_wconf 89' lang='lat' dir='ltr'>ok</span> <span class='ocrx_word' id='word_1_242' title='bbox 1249 2556 1411 2604; x_wconf 66' lang='lat' dir='ltr'>eignalaiz</span> 
     </span>
     <span class='ocr_line' id='line_1_31' title="bbox 61 2618 1409 2668; baseline 0 -17"><span class='ocrx_word' id='word_1_243' title='bbox 61 2618 269 2662; x_wconf 69' lang='lat' dir='ltr'>(aeignabiz,</span> <span class='ocrx_word' id='word_1_244' title='bbox 307 2621 402 2667; x_wconf 85' lang='lat' dir='ltr'>W.)‚</span> <span class='ocrx_word' id='word_1_245' title='bbox 433 2621 492 2665; x_wconf 91' lang='lat' dir='ltr'>W,</span> <span class='ocrx_word' id='word_1_246' title='bbox 519 2621 566 2654; x_wconf 90' lang='lat' dir='ltr'>H.</span> <span class='ocrx_word' id='word_1_247' title='bbox 593 2639 632 2644; x_wconf 92' lang='grc'>--</span> <span class='ocrx_word' id='word_1_248' title='bbox 657 2618 706 2662; x_wconf 83' lang='lat'>²⁷)</span> <span class='ocrx_word' id='word_1_249' title='bbox 733 2621 781 2653; x_wconf 91' lang='lat' dir='ltr'>ok</span> <span class='ocrx_word' id='word_1_250' title='bbox 806 2620 891 2652; x_wconf 81' lang='lat' dir='ltr'>rikti</span> <span class='ocrx_word' id='word_1_251' title='bbox 918 2621 984 2668; x_wconf 63' lang='lat' dir='ltr'>{jar</span> <span class='ocrx_word' id='word_1_252' title='bbox 1009 2632 1063 2653; x_wconf 87' lang='lat' dir='ltr'>um</span> <span class='ocrx_word' id='word_1_253' title='bbox 1100 2621 1205 2663; x_wconf 65' lang='lat' dir='ltr'>lainga.</span> <span class='ocrx_word' id='word_1_254' title='bbox 1230 2620 1330 2659; x_wconf 69' lang='lat' dir='ltr'>bria,</span> <span class='ocrx_word' id='word_1_255' title='bbox 1363 2621 1409 2651; x_wconf 90' lang='lat' dir='ltr'>ok</span> 
     </span>
     <span class='ocr_line' id='line_1_32' title="bbox 61 2680 1414 2729; baseline 0 -16"><span class='ocrx_word' id='word_1_256' title='bbox 61 2680 210 2722; x_wconf 71' lang='lat' dir='ltr'>gjiiroist</span> <span class='ocrx_word' id='word_1_257' title='bbox 252 2681 319 2729; x_wconf 60' lang='lat' dir='ltr'>{war</span> <span class='ocrx_word' id='word_1_258' title='bbox 357 2683 469 2724; x_wconf 78' lang='lat' dir='ltr'>skjott</span> <span class='ocrx_word' id='word_1_259' title='bbox 508 2681 592 2724; x_wconf 69' lang='lat' dir='ltr'>gobi-</span> <span class='ocrx_word' id='word_1_260' title='bbox 634 2681 725 2715; x_wconf 69' lang='lat' dir='ltr'>fribr</span> <span class='ocrx_word' id='word_1_261' title='bbox 759 2683 805 2715; x_wconf 91' lang='lat' dir='ltr'>ok</span> <span class='ocrx_word' id='word_1_262' title='bbox 838 2682 1000 2724; x_wconf 65' lang='lat' dir='ltr'>iwgaezka</span> <span class='ocrx_word' id='word_1_263' title='bbox 1035 2683 1120 2724; x_wconf 72' lang='lat' dir='ltr'>mig,</span> <span class='ocrx_word' id='word_1_264' title='bbox 1153 2683 1197 2715; x_wconf 86' lang='lat' dir='ltr'>ok</span> <span class='ocrx_word' id='word_1_265' title='bbox 1230 2680 1414 2714; x_wconf 68' lang='lat' dir='ltr'>undrabist</span> 
     </span>
     <span class='ocr_line' id='line_1_33' title="bbox 63 2741 1412 2790; baseline 0 -16"><span class='ocrx_word' id='word_1_266' title='bbox 63 2741 272 2776; x_wconf 77' lang='lat' dir='ltr'>landsfolkit</span> <span class='ocrx_word' id='word_1_267' title='bbox 293 2743 393 2790; x_wconf 61' lang='lat' dir='ltr'>betta</span> <span class='ocrx_word' id='word_1_268' title='bbox 417 2745 611 2787; x_wconf 63' lang='lat' dir='ltr'>kraptalz&#39;m,</span> <span class='ocrx_word' id='word_1_269' title='bbox 636 2745 719 2777; x_wconf 83' lang='lat' dir='ltr'>add.</span> <span class='ocrx_word' id='word_1_270' title='bbox 735 2744 776 2776; x_wconf 83' lang='lat' dir='ltr'>S.</span> <span class='ocrx_word' id='word_1_271' title='bbox 793 2763 832 2767; x_wconf 89' lang='lat'>—</span> <span class='ocrx_word' id='word_1_272' title='bbox 847 2742 896 2787; x_wconf 73' lang='lat'>²⁸)</span> <span class='ocrx_word' id='word_1_273' title='bbox 913 2744 991 2776; x_wconf 84' lang='lat' dir='ltr'>setti</span> <span class='ocrx_word' id='word_1_274' title='bbox 1006 2767 1014 2785; x_wconf 92' lang='lat'>,</span> <span class='ocrx_word' id='word_1_275' title='bbox 1046 2743 1100 2777; x_wconf 94' lang='lat' dir='ltr'>W.</span> <span class='ocrx_word' id='word_1_276' title='bbox 1114 2743 1225 2786; x_wconf 46' lang='grc' dir='ltr'>ξ29)</span> <span class='ocrx_word' id='word_1_277' title='bbox 1237 2743 1412 2784; x_wconf 79' lang='lat' dir='ltr'>Vegdreg‚</span> 
     </span>
     <span class='ocr_line' id='line_1_34' title="bbox 69 2803 1287 2849; baseline 0.001 -13"><span class='ocrx_word' id='word_1_278' title='bbox 69 2803 116 2845; x_wconf 75' lang='lat' dir='ltr'>U5</span> <span class='ocrx_word' id='word_1_279' title='bbox 140 2804 304 2847; x_wconf 77' lang='lat' dir='ltr'>vegdeg,</span> <span class='ocrx_word' id='word_1_280' title='bbox 331 2805 384 2848; x_wconf 81' lang='lat' dir='ltr'>S,-</span> <span class='ocrx_word' id='word_1_281' title='bbox 409 2806 570 2847; x_wconf 82' lang='lat' dir='ltr'>Vegdec,</span> <span class='ocrx_word' id='word_1_282' title='bbox 596 2806 642 2839; x_wconf 91' lang='lat' dir='ltr'>H.</span> <span class='ocrx_word' id='word_1_283' title='bbox 668 2826 709 2829; x_wconf 49' lang='grc' dir='ltr'>ω-</span> <span class='ocrx_word' id='word_1_284' title='bbox 740 2805 792 2849; x_wconf 82' lang='lat'>³⁰)</span> <span class='ocrx_word' id='word_1_285' title='bbox 818 2804 1141 2845; x_wconf 80' lang='lat' dir='ltr'>Austr-Saxlandi,</span> <span class='ocrx_word' id='word_1_286' title='bbox 1170 2805 1216 2846; x_wconf 84' lang='lat' dir='ltr'>U,</span> <span class='ocrx_word' id='word_1_287' title='bbox 1241 2804 1287 2837; x_wconf 90' lang='lat' dir='ltr'>H.</span> 
     </span>
    </p>
   </div>
  </div>
 </body>
</html>
