1811 3256
57 247 103 291 C.
125 241 201 289 34.
443 259 743 291 hominiculo
771 258 1026 291 GYLlexA.
1322 242 1406 288 111

57 383 227 441 dicitur,
265 381 542 426 fabricandam
577 382 745 426 curavit.
806 382 869 425 Ea
905 395 976 423 sex
1011 380 1138 425 rebus
1175 382 1409 426 constabat:

57 464 231 524 strepitu
267 463 384 521 selis,
421 463 550 507 barba
583 462 789 519 mulieris,
834 461 1039 505 radicibus
1068 462 1240 519 montis,
1277 463 1411 506 nervis

56 545 166 603 ursi,
196 544 340 604 spiritu
366 543 510 603 piscis,
549 548 669 602 sputo
699 542 803 598 avis,
841 548 883 586 et
907 542 1090 602 quamvis
1111 543 1183 586 has
1203 558 1271 586 res
1292 550 1410 587 antea

56 643 138 671 non
174 625 358 683 noveris,
395 639 503 668 nunc
536 630 675 667 tamen
710 623 774 666 hic
810 623 925 667 facile
963 623 1143 668 invenire
1171 630 1289 683 potes
1316 640 1412 668 vera

56 713 321 766 argumenta,
360 705 473 766 quod
507 702 768 748 mendacium
803 704 874 748 tibi
911 721 993 748 non
1031 704 1214 749 dicatur:
1250 705 1408 760 vidisti,

57 789 226 849 opinor,
263 786 424 831 mulieri
453 801 533 829 non
560 800 653 828 esse
677 785 874 844 barbam,
912 786 1155 846 nullumque
1192 786 1410 845 strepitum

56 869 224 915 excitari
244 884 367 912 cursu
386 867 494 924 felis,
515 881 652 926 neque
671 865 830 910 radices
851 867 1026 911 subesse
1045 867 1196 925 monti,
1235 873 1277 911 et
1294 867 1411 911 testis

55 951 154 995 mihi
181 957 245 994 est
270 948 373 994 fides
400 964 515 1005 mea,
552 947 688 991 omnia
716 963 808 1008 quae
832 948 905 993 tibi
934 947 1015 991 dixi
1040 961 1158 1006 aeque
1178 963 1274 992 vera
1293 963 1410 1006 esse,

57 1032 134 1076 etsi
170 1032 249 1075 sint
284 1046 332 1074 ex
368 1030 429 1073 his
466 1029 689 1087 nonnulla,
735 1044 827 1089 quae
870 1029 1123 1089 experientia
1159 1044 1411 1088 cognoscere

56 1129 255 1174 nequeas.
308 1113 415 1156 Tum
435 1110 703 1169 Ganglerius:
741 1110 817 1154 ista
844 1111 1014 1171 quidem
1039 1127 1135 1155 vera
1161 1126 1254 1154 esse
1290 1110 1413 1153 facile

55 1195 282 1253 intelligere
300 1207 492 1252 possum,
523 1192 594 1235 has
623 1192 731 1235 enim
758 1207 847 1249 reS,
877 1208 979 1253 quas
1000 1192 1176 1252 exempli
1194 1192 1285 1235 loco
1304 1206 1412 1235 nunc

55 1275 259 1332 adtulisti,
287 1273 414 1317 oculis
434 1288 606 1317 eernere
633 1288 825 1333 possum:
852 1290 996 1318 verum
1016 1290 1098 1334 quo
1119 1279 1238 1334 pacto
1268 1272 1409 1329 (inde)

55 1355 243 1402 fabricari
287 1370 454 1415 compes
490 1354 659 1414 potuit?
709 1354 953 1415 Respondet
979 1357 1088 1399 Har:
1128 1354 1170 1399 id
1194 1354 1268 1398 ti'bi
1295 1354 1410 1398 facile

54 1438 211 1482 referre
246 1451 439 1497 possum:
486 1435 618 1480 extitit
658 1437 785 1481 hocce
821 1437 1024 1481 vinculum
1060 1437 1148 1481 leve
1186 1451 1232 1480 ac
1266 1436 1410 1493 molle,

54 1518 183 1563 instar
205 1517 335 1562 taeniae
360 1517 637 1578 bombycinfe,
669 1518 757 1577 ejus
787 1524 925 1562 autem
952 1518 1155 1562 firmitatis
1183 1524 1308 1578 atque
1335 1533 1412 1561 ro-

54 1600 191 1658 boris,
228 1600 288 1644 uti
314 1615 421 1643 nunc
447 1599 606 1643 audies.
660 1599 740 1644 Ubi
768 1599 971 1644 vinculum
991 1600 1086 1644 Asis
1115 1600 1280 1643 allatuin
1301 1605 1410 1656 erat,

56 1681 94 1726 ei
129 1681 197 1742 qui
233 1681 383 1724 missus
420 1681 556 1725 suerat
591 1680 777 1739 ingentes
815 1682 968 1740 gratias
1004 1697 1079 1742 pro
1105 1681 1273 1740 negotio
1302 1680 1410 1725 bene

54 1769 223 1823 peracto
252 1767 449 1821 egerunt,
479 1777 561 1822 quo
582 1762 688 1806 sacto
708 1762 747 1806 in
765 1778 931 1822 parvam
955 1763 1154 1822 insulam,
1182 1761 1412 1822 Lyngvium

57 1844 226 1899 dictam,
255 1843 373 1886 sitam
392 1843 432 1886 in
451 1843 555 1900 lacu,
577 1843 647 1900 qui
666 1843 937 1887 Amsvartner
955 1843 1117 1902 dicitur,
1139 1843 1408 1902 trajecerunt,

55 1925 253 1969 advocato
273 1939 415 1968 secum
432 1925 566 1983 Lupo,
589 1925 711 1984 eique
733 1925 938 1968 vinculum
956 1924 1250 1985 bombycinum
1263 1930 1411 1968 osten-

57 2007 228 2064 derunt,
265 2006 479 2049 hortantes
507 2010 554 2048 ut
579 2004 851 2065 dirumperet,
889 2006 1096 2066 aliquanto
1123 2006 1281 2050 firmius
1318 2020 1411 2049 esse

57 2087 262 2145 dicentes,
301 2102 424 2147 quam
458 2102 533 2146 pro
568 2086 839 2130 crassitudine
873 2087 1107 2132 verosimile
1137 2093 1271 2131 esset:
1318 2086 1412 2130 inde

54 2184 162 2213 unus
191 2169 306 2212 alteri
332 2167 614 2225 tradiderunt,
651 2168 889 2228 roboreque
908 2184 1105 2212 manuum
1125 2169 1411 2228 explorarunt,

55 2265 191 2310 neque
212 2256 349 2293 tamen
369 2248 578 2308 diruptum
597 2254 675 2307 est,
704 2254 744 2292 at
762 2249 1022 2294 nihilominus
1044 2265 1065 2293 a
1085 2250 1182 2310 lupo
1202 2249 1413 2310 diruptum

58 2331 105 2375 iri
124 2331 373 2375 dictitarunt.
426 2330 506 2373 Hic
533 2331 701 2389 Lupus:
738 2330 828 2374 talis
854 2331 952 2375 mihi
978 2331 1141 2375 videtur
1166 2332 1289 2391 ligula
1313 2331 1411 2389 ista,

57 2413 208 2457 nullam
225 2418 272 2456 ut
289 2417 577 2472 reportaturus
604 2410 680 2454 sim
705 2412 879 2456 nominis
909 2412 1208 2471 celebritatem,
1246 2412 1412 2472 dirupto

58 2499 141 2538 tam
166 2493 279 2538 tenui
307 2493 489 2550 vinculo,
528 2492 641 2552 quod
659 2492 715 2551 si,
743 2493 944 2554 'quamvis
972 2494 1023 2538 ad
1053 2494 1236 2554 speciem
1262 2500 1412 2551 tenue,

60 2581 146 2618 arte
167 2575 299 2635 aliqua
320 2580 389 2618 aut
407 2573 707 2618 machinatione
737 2574 978 2619 fabricatum
1007 2575 1080 2632 sit,
1109 2575 1190 2619 tale
1209 2575 1414 2619 vinculum

64 2690 110 2734 1⁵]
137 2691 262 2734 a[0m.
290 2693 340 2732 W,
368 2694 462 2724 756.
490 2709 532 2714 —-
562 2691 617 2733 ¹⁰)
646 2702 747 2722 muna
775 2693 829 2732 ek,
858 2693 909 2731 W,
935 2693 1028 2724 756.
1056 2709 1098 2715 -—
1130 2692 1322 2736 ¹⁷)lilj6ta,
1350 2694 1413 2732 id„

62 2753 114 2793 W,
140 2754 232 2785 756.
258 2772 302 2776 —
329 2752 374 2795 16)
402 2753 474 2794 vel,
502 2754 561 2794 W,
594 2754 687 2786 756.
716 2772 755 2776 —
787 2754 835 2796 ¹⁰)
862 2764 883 2785 a
913 2752 1037 2794 [slita‚
1079 2753 1138 2794 W,
1169 2755 1262 2787 756.
1290 2774 1334 2777 —
1362 2755 1413 2797 ²⁰)

60 2814 168 2854 band,
194 2815 288 2847 756.
313 2832 357 2839 —2
383 2813 432 2855 21)
458 2815 578 2847 ster-ka
606 2815 644 2857 U,
668 2814 722 2857 H3
749 2814 830 2847 hina
854 2815 987 2857 ster-ku,
1013 2816 1108 2848 756.
