1811 3256
67 216 114 258 C.
152 213 229 259 53.
487 230 546 261 m:
574 229 789 261 nicrioxss
817 229 1028 263 Pom-im.
1331 212 1421 259 401

196 352 454 413 Bellipotens
483 352 603 411 ⁴regis
639 352 920 410 consiliarius,

200 434 239 477 in
276 434 379 478 iram
414 449 623 494 praeceps,
662 433 728 477 cui
763 432 954 477 celeritas

199 515 357 574 placet,
394 515 635 559 indumenta
670 513 846 573 Hognii,
883 528 981 557 cusa

199 595 373 652 malleo,
412 596 518 640 circa
555 611 599 639 se
635 595 829 654 clangere
866 594 977 639 facit.

69 698 436 753 Quemadmodum
465 697 682 758 Snaebjorn
710 698 882 743 cecinit:

200 781 367 839 Regum
402 779 610 824 familiaris
646 779 766 839 facit,
802 785 850 823 ut
884 786 1030 824 taurus

199 861 320 919 mali,
359 860 494 920 longis
530 859 729 905 lateribus
766 859 977 920 praeditus,
1015 859 1162 905 duram

197 942 353 986 undam
387 941 564 1001 ingenti,
603 941 715 1002 quod
755 942 831 987 sibi
869 948 957 996 est,

199 1038 335 1083 prorae
370 1022 507 1082 gladio
544 1020 749 1082 (pertica)
786 1022 1004 1083 percutiat.

69 1126 138 1171 Sic
166 1127 307 1171 Arnor
336 1126 505 1169 cecinit:

200 1209 270 1253 Me
307 1221 453 1266 graves
490 1206 658 1266 capiunt
693 1204 886 1264 dolores,
924 1221 1023 1250 suos

200 1286 417 1345 (dolores)
455 1287 593 1332 ferunt
627 1287 710 1331 mei
739 1287 915 1346 juvenes
952 1286 1046 1345 filii,

200 1376 372 1430 propter
406 1367 567 1413 obitum
602 1368 706 1413 illius
741 1368 846 1427 regii

201 1451 481 1509 comessoris,
517 1449 672 1511 proeliis
709 1449 861 1510 inclyti.

70 1554 370 1602 Consabulator
394 1555 520 1614 regiS,
557 1561 605 1599 ut
633 1552 874 1599 Hallsredus
902 1553 1072 1597 cecinit:

199 1636 426 1695 Negotium
461 1637 517 1680 ita
551 1642 808 1681 transactum
849 1641 936 1693 est,
971 1640 1020 1678 ut

203 1717 384 1761 disertus
422 1717 488 1761 ille
523 1717 633 1776 regis
670 1716 960 1761 confabulator

204 1797 354 1842 deinde
386 1798 551 1842 unicam
589 1797 741 1842 Onaris
777 1803 969 1856 gnatam,

205 1878 427 1923 arboribus
462 1879 678 1938 vestitam,
715 1893 891 1922 uxorem
928 1876 1117 1922 duceret.

72 1984 139 2029 Sic
173 1983 363 2028 homines
398 1998 420 2027 a
456 1982 605 2027 familia
641 1980 936 2026 denominandi
972 1988 1083 2041 sunt,
1120 1987 1168 2027 ut
1192 1976 1430 2022 Kormflkus

72 2064 244 2109 cecinit:

205 2152 408 2198 Liberalis
445 2151 551 2195 filius
587 2150 673 2195 veri
709 2150 985 2212 exploratoris

204 2232 375 2278 Haraldi
410 2248 532 2276 aures
568 2230 779 2276 advertat!
832 2233 984 2277 Promo

205 2329 342 2359 meam
377 2312 616 2358 cerevisiam
651 2312 896 2357 maritorum

205 2396 321 2440 Divae
357 2400 552 2438 montana
589 2409 685 2438 saxa
720 2393 953 2438 incolentiS.

76 2560 324 2593 Orcadenses.
350 2579 395 2583 —
423 2560 450 2601 ⁸)
483 2560 571 2592 Vide
594 2569 713 2602 supra
739 2571 817 2602 cap.
842 2561 908 2594 24.
932 2560 1132 2603 pa9.320.
1158 2577 1201 2583 ——
1232 2557 1266 2601 ⁹)
1292 2557 1350 2591 sic
1375 2557 1430 2590 ed.

74 2621 229 2664 Raskii,
255 2622 322 2654 sed
345 2621 448 2663 force
474 2632 515 2653 sa
538 2622 572 2653 Ιι.
592 2622 616 2656 l.
644 2626 680 2654 et
702 2632 820 2664 supra
845 2623 900 2656 sit
925 2623 976 2658 id.
1001 2633 1057 2667 qu.
1083 2622 1137 2664 sa,
1163 2631 1202 2652 so
1225 2629 1273 2651 ,-.-·
1295 2618 1431 2652 sva.—

76 2681 127 2724 ¹⁰)
153 2682 364 2729 snjallrz'spr,
405 2684 454 2721 U,
482 2687 518 2715 et
541 2682 598 2715 sic
624 2684 726 2716 codd.
752 2694 869 2727 supra
902 2686 926 2721 l.
953 2695 983 2720 c.
1017 2702 1063 2708 —
1101 2681 1145 2726 ¹¹)
1170 2681 1260 2723 vini,
1296 2679 1430 2717 mend-⁹

75 2743 165 2785 Ray.
190 2761 236 2766 —
265 2743 319 2786 12)
346 2744 445 2785 aettir,
473 2745 533 2784 W3
561 2745 672 2778 einnin
699 2746 753 2778 mii
780 2758 878 2779 mann
903 2748 1018 2779 kenna
1043 2745 1096 2779 vib
1122 2743 1212 2777 aettir
1236 2742 1354 2782 εἰπεῖν,
1384 2740 1429 2772 11.

45 2800 53 2809 ’
80 2804 125 2846 ¹³)
141 2804 198 2837 sic
215 2803 276 2846 W;
303 2805 378 2838 laetn·
403 2805 516 2847 (fort.
543 2807 661 2841 mend.
688 2817 736 2841 ex
759 2808 869 2852 laetc),
893 2809 1004 2852 Re9.;
1032 2804 1212 2850 avrgreipa
1237 2803 1283 2835 let
1308 2802 1364 2840 ek,
1393 2800 1431 2832 U·
