1811 3256
90 232 138 277 C·
165 229 400 277 133-134.
599 251 769 283 cLAws
810 251 1029 284 Mssrch.
1342 234 1435 280 673

191 368 298 415 133.
376 372 576 433 Sequitur
611 388 816 416 VAR1AT10
853 374 1039 417 BssAcn:

153 450 231 497 58.
286 451 540 497 Cohortibus
576 454 786 512 galearum
823 453 920 512 igne
955 456 1123 498 armatis

286 533 501 578 conflictus
538 534 841 593 exspectandus
878 541 973 593 est,

286 613 357 657 ubi
393 612 565 674 dynasta
601 614 845 659 destrictum

284 710 429 739 ensem
465 694 517 738 ad
552 711 736 755 pugnam
772 696 962 756 applicat.

283 776 500 834 Aggerem
535 776 633 820 soris
672 776 834 821 Odiniae

284 856 517 916 marginum
553 863 648 900 ante
685 857 804 901 litora
840 857 980 902 videre
1018 866 1104 909 ost„

286 937 452 998 quando
488 938 669 982 virorum
706 939 837 982 amico
875 938 1056 983 officium

286 1018 510 1075 incumbit,
547 1019 678 1079 clypei
714 1019 892 1063 sonitum
930 1028 1186 1079 perpetrare.

86 1102 179 1145 Hoc
199 1101 290 1144 loco
309 1116 386 1144 vox
404 1099 549 1143 ultima
569 1115 711 1143 versus
732 1099 851 1159 primi
871 1106 913 1143 et
932 1100 1081 1158 tertiia,
1120 1102 1185 1146 cui
1208 1102 1247 1146 in
1269 1118 1434 1163 praece-

86 1181 280 1226 dentibus
307 1179 473 1241 syllabis
503 1180 613 1224 nulla
642 1180 868 1240 semiplena
896 1182 1164 1226 consonantia
1191 1183 1434 1243 respondet,

86 1263 326 1323 exemplum
363 1261 522 1322 praebet
556 1260 805 1321 syllabarum
838 1262 1184 1307 harmonicarum.
1254 1263 1321 1309 Ad
1358 1264 1436 1307 hoc

86 1344 211 1403 igitur
230 1343 465 1403 exemplum
485 1342 716 1386 formantur
734 1340 901 1402 syllabae
921 1343 1170 1387 harmonica*
1191 1345 1333 1389 versus
1362 1360 1435 1388 se-

86 1424 209 1470 cundi
237 1430 279 1468 et
304 1423 453 1484 quarti,
491 1436 668 1483 quarum
695 1420 846 1467 alterab
867 1422 941 1483 ipsi
962 1424 1176 1484 exemploc
1195 1441 1435 1470 consonan-

87 1507 143 1550 tia
179 1506 460 1550 homoeoarcta
496 1510 538 1548 et
572 1503 799 1564 semiplena
830 1504 1081 1564 respondet,
1119 1505 1276 1551 alterad
1314 1507 1434 1567 plena

85 1585 355 1631 consonantia
383 1601 477 1630 cum
505 1585 655 1630 eodem
685 1585 877 1643 congruit
888 1600 899 1642 3
936 1585 1011 1630 sed
1039 1586 1141 1630 situs
1170 1588 1317 1632 harum
1346 1588 1436 1649 syl-

86 1667 274 1712 labarum
294 1666 644 1724 harmonicarum,
681 1681 773 1726 qua-2
800 1666 839 1709 in
867 1666 1051 1711 secundo
1078 1674 1121 1712 et
1147 1675 1294 1728 quarto
1313 1683 1436 1712 versu

86 1755 207 1805 sunt,
244 1747 354 1791 idem
389 1754 454 1791 est
482 1753 607 1808 atque
635 1746 675 1790 in
704 1746 929 1791 variatione
957 1748 1126 1793 Fleinis.
1199 1749 1358 1809 Saepius
1395 1749 1435 1792 in

85 1835 275 1873 veterum
312 1830 531 1888 poetarum
568 1827 818 1872 carminibus
855 1843 935 1872 usu
969 1830 1105 1888 venit,
1142 1837 1189 1874 ut
1222 1830 1261 1873 in
1289 1829 1435 1873 eadem

86 1909 257 1969 stropha
283 1915 354 1952 aut
373 1908 545 1953 diversae
564 1908 645 1954 sint
664 1909 931 1967 variationes,
969 1917 1041 1954 aut
1068 1917 1191 1955 certae
1219 1909 1434 1969 cujusdam

84 1989 321 2034 variationis
342 1990 458 2049 leges
479 1990 764 2049 negligantur3
786 1989 897 2050 quod
918 1991 992 2034 etsi
1015 1991 1053 2035 in
1072 1991 1214 2052 priscis
1235 1991 1434 2035 carmini-

86 2071 164 2115 bus
185 2087 260 2132 pro
279 2070 375 2115 vitio
401 2086 484 2115 non
513 2071 733 2130 habeatur,
764 2070 873 2115 haud
900 2078 1059 2116 temere
1085 2072 1329 2117 imitandum
1356 2079 1435 2116 est.

191 2180 297 2228 134.
369 2184 605 2244 Sequentes
642 2184 913 2243 variationes,
961 2185 1079 2230 dictae
1125 2200 1436 2229 CONSONANTIAE

86 2279 560 2323 nYPERCATALEC‘rlcAE,
598 2265 638 2309 in
667 2272 751 2310 tres
783 2267 936 2310 classes
962 2266 1224 2325 dividuntur,
1261 2282 1436 2326 quarum

87 2345 173 2389 haec
210 2360 293 2389 una
329 2348 423 2389 est:

154 2424 232 2471 59.
285 2425 477 2471 Violator
511 2427 727 2486 galearum
764 2428 888 2485 viris,
925 2428 1109 2472 Bellonae

286 2512 580 2567 tempestatem
616 2508 847 2568 cientibus,
886 2508 1071 2553 tabulata
1108 2509 1261 2569 Sigaris

288 2593 416 2632 secat.
487 2588 682 2649 Princeps
718 2589 873 2634 mobila
909 2591 1159 2635 circulorum

180 2753 218 2796 a)
241 2754 261 2786 i.
277 2765 306 2786 e.
322 2754 467 2798 hyr-jar,
496 2755 626 2799 o'ynar.
652 2775 696 2780 —
721 2755 759 2800 b)
783 2758 804 2790 i.
821 2769 848 2791 c.
865 2759 1023 2801 her-jum,
1052 2759 1170 2802 eynir.
1198 2776 1241 2781 —-
1267 2758 1300 2801 ⁰)
1324 2767 1439 2800 nempe

88 2814 224 2858 Ityn-jar
249 2819 281 2848 et
306 2816 438 2858 ἀρτων.
465 2836 508 2841 -
534 2811 571 2858 (Ῑ)
597 2817 664 2850 ῐ.ε.
686 2818 833 2861 slytjm·
859 2823 890 2852 ct
916 2825 1040 2862 toynu.

1140 2892 1181 2922 {ti
