1811 3256
94 200 142 243 C·
179 195 353 243 52—53-
493 215 552 246 uu
582 211 801 246 uic'rioNE
827 212 1037 246 pomum.
1353 193 1447 240 451.

93 337 182 381 Rex
209 332 428 394 Jordanis3
466 334 523 380 sic
552 335 773 393 Sighvatus
802 334 973 379 cecinit:

356 415 469 461 Olim
504 421 686 476 quatuor
720 415 891 475 angelos
929 430 1001 460 rex

355 495 548 542 Jordanis
586 512 636 541 ex
671 500 769 541 aere
807 495 938 553 misit;

353 578 421 621 ille
457 576 571 622 ducis
608 584 792 621 sanctam

356 673 517 702 comam
554 657 720 703 {lumine
756 659 865 703 lavit.

91 757 183 801 Rex
211 756 477 812 Graecorum²
514 760 563 798 ut
588 754 730 798 Arnor
758 755 926 799 cecinit:

354 837 436 881 Pro
472 835 723 880 concitatore
760 836 895 895 proelii

356 916 561 977 deprecor
595 916 706 976 apud
741 916 1015 961 excellentem

356 997 574 1042 custodem
603 998 845 1043 Graecorum
881 1003 924 1042 et
953 996 1213 1055 Gardorum;

356 1078 414 1122 sic
449 1093 530 1137 ego
566 1093 717 1123 munus
751 1079 863 1138 regis
898 1093 1162 1123 remuneror.

94 1174 162 1221 Sic
186 1173 334 1219 cecinit
353 1173 510 1219 Eilivus
536 1174 816 1218 Kulnasvein:

356 1254 498 1299 Gloria
534 1253 715 1299 coelestis
752 1254 938 1300 celebrat
973 1254 1197 1299 hominum‘

355 1335 650 1395 imperatorem
662 1350 674 1392 ;
709 1334 777 1380 ille
813 1335 994 1380 universi
1029 1350 1104 1380 rex
1140 1339 1220 1379 est.

92 1432 174 1478 Hic
192 1431 402 1479 Christum
421 1430 555 1492 primo
586 1430 883 1491 imperatorem
909 1430 1141 1490 hominum,
1177 1444 1360 1492 moxque
1378 1444 1455 1475 re-

94 1528 191 1573 gem
226 1512 409 1558 universi
453 1511 691 1574 appellavit.
767 1513 979 1557 Praeterea
1013 1511 1143 1556 Einar
1179 1511 1310 1557 Skulii
1346 1511 1455 1555 filius

96 1595 264 1640 cecinit:

361 1673 570 1721 Candidus
604 1674 698 1733 ille,
734 1674 975 1718 universum
1012 1674 1159 1720 orbem

359 1762 568 1800 terrarum
604 1770 701 1799 cava
736 1754 953 1799 includens
990 1770 1141 1813 manu7

358 1837 559 1897 populum
595 1836 665 1897 qui
701 1834 908 1893 custodit,
946 1835 1165 1880 excellenti
1201 1836 1289 1896 regi

361 1917 532 1963 coeleste
565 1932 742 1977 regnum
776 1917 926 1978 aperiri
955 1917 1094 1977 jussit.

164 2004 243 2052 53.
260 2006 341 2051 Hic
350 2005 710 2050 denominationes
730 2006 839 2050 inter
851 2022 895 2051 se
908 2005 1126 2065 collidunt,
1147 2021 1272 2067 quam
1293 2006 1346 2051 ob
1366 2021 1457 2050 rem

98 2104 272 2134 necesse
293 2094 374 2146 est,
402 2093 450 2131 ut
467 2087 516 2146 is,
546 2088 616 2147 qui
636 2101 802 2131 carmen
821 2086 989 2148 aliquod
1007 2088 1357 2149 interpretaturus
1377 2092 1457 2143 est,

99 2240 312 2279 sequentem
338 2234 637 2276 explicationem.
663 2253 707 2259 —-
734 2233 781 2277 16)
805 2245 874 2268 om.
904 2233 960 2268 W.
986 2253 1028 2259 -—
1059 2235 1110 2279 ¹⁷)
1136 2235 1225 2277 sva,
1256 2234 1310 2267 W.
1336 2253 1380 2259 —
1411 2234 1458 2277 ¹⁸)

102 2297 262 2330 Carmen
287 2295 434 2329 Radius
461 2295 614 2339 (Geisli)
640 2300 710 2329 ειν.
736 2296 796 2329 16.
823 2314 868 2320 -
898 2295 945 2340 ¹⁹)
980 2296 1188 2341 llknframr,
1221 2296 1333 2338 ηπῶς
1360 2295 1460 2329 likn-

97 2358 224 2401 Mar-tr,
250 2357 399 2390 auxilio
428 2357 569 2397 clarus,
597 2356 743 2400 opifer,
773 2358 817 2399 U3
844 2358 1030 2398 liknsamr,
1058 2358 1229 2400 clemens,
1253 2357 1460 2400 propitius,

99 2419 192 2453 748.
217 2437 263 2443 —-
286 2417 336 2462 2ο)
354 2429 475 2461 opnaz‚
500 2418 610 2459 naal„
635 2428 687 2451 sc.
712 2418 762 2450 let
786 2419 962 2451 himinriki
987 2430 1104 2462 opnaz,
1129 2419 1235 2462 fecie,
1261 2424 1303 2452 ut
1326 2418 1459 2461 aperi-

101 2486 232 2523 retur,
261 2480 287 2513 i.
315 2490 345 2513 e.
373 2480 534 2521 aperuit.
559 2498 604 2503 —
630 2478 680 2520 ²²]
705 2480 777 2513 Hic
801 2481 876 2513 soli
911 2480 953 2523 G,
979 2480 1025 2513 St
1058 2481 1218 2514 addunt.-
1252 2481 1308 2513 Ok
1335 2490 1399 2513 enn
1424 2489 1461 2511 er

100 2542 166 2574 sva.
198 2541 332 2574 kvebit:
367 2540 541 2581 sz'zlfraeoi
579 2540 631 2583 (r.
665 2542 850 2585 ἠῶθι-ἡδὶ)
886 2542 930 2575 dd
962 2541 1063 2575 siban
1090 2562 1134 2566 -—
1167 2542 1267 2575 solat·
1298 2542 1398 2574 frons
1424 2544 1461 2572 at

99 2602 192 2643 noni,
216 2621 258 2626 —
285 2602 326 2635 si»
351 2612 386 2635 er
411 2602 518 2642 hekk,
545 2613 585 2635 en
611 2602 680 2644 dag
704 2602 839 2645 dfikkti,
857 2622 903 2626 —
929 2603 1090 2645 doglingr
1115 2604 1136 2636 ά
1155 2603 1390 2645 jarnntiglum.
1415 2618 1460 2626 —-

100 2663 153 2696 112·
177 2672 316 2697 versus
347 2664 387 2697 in
415 2663 493 2696 cod.
520 2664 565 2697 W
585 2662 694 2704 infra
720 2669 940 2704 occurrunt,
965 2675 1002 2698 υ.
1027 2665 1144 2699 Rask.
1172 2665 1228 2699 ecl.
1252 2674 1336 2707 paq.
1366 2662 1459 2703 337,

101 2724 166 2757 ubi
196 2724 236 2757 in
269 2725 338 2757 Ιιαε
372 2725 535 2758 edicione
572 2725 835 2767 interpretatio
869 2731 1058 2768 sequetur.
1090 2745 1136 2751 —
1167 2725 1217 2768 ²²)
1251 2734 1333 2763 var,
1375 2723 1460 2755 add'

103 2784 192 2828 1129.
220 2785 339 2818 mend.

1123 2847 1197 2879 29*
