1811 3256
102 190 152 234 C·
188 186 269 232 42·
481 205 784 239 Lmuch'rio
810 204 1072 238 GYLVIANA.
1370 189 1461 237 135

100 327 237 388 posito
250 326 338 386 jam
356 324 577 385 Midgardo
598 332 895 386 exstructaque
914 325 1119 384 Valhalla,
1153 332 1200 370 ut
1223 325 1341 370 saber
1360 328 1460 388 qui-

100 406 267 452 dam'eo
295 406 532 465 adveniret,
570 406 641 467 qui
666 406 873 466 pollicitus
894 411 980 463 est,
1018 422 1063 451 se
1083 406 1218 451 tribus
1240 409 1461 452 semestri-

56 533 59 535 ,
99 489 180 534 bus
201 503 340 532 arcem
358 488 436 532 illis
458 492 784 545 exstructurum,
804 492 891 530 tam
908 493 1196 545 praestantem,
1226 494 1274 531 ut
1293 488 1460 532 firmum

101 567 368 629 validumque
393 567 752 629 propugnaculum
780 572 894 610 esset
912 566 1110 612 adversus
1132 569 1324 628 gigantes
1345 570 1461 613 saxi-

100 650 212 694 colas
233 655 276 693 et
293 650 542 709 pruinosos,
588 647 665 692 etsi
684 646 951 706 Midgardum
979 648 1200 694 intrarent.
1252 649 1462 693 Mercedis

101 730 194 774 loco
214 728 293 774 sihi
311 736 455 790 pactus
476 736 540 774 est
556 730 735 788 Freyam
752 743 945 786 uxorem,
983 736 1109 789 atque
1131 730 1302 790 insuper
1322 731 1462 774 Solem

101 816 145 855 et
169 812 334 855 Lunam
363 810 520 855 hahere
548 809 678 853 voluit
706 808 807 868 (sibi
835 810 1096 869 postulavit).
1167 812 1275 855 Tum
1294 811 1392 854 Asae
1424 811 1462 853 in

99 892 356 952 colloquium
382 897 650 935 secesserunt
683 897 727 934 et
761 891 930 934 consilia
966 891 1076 936 inter
1103 908 1148 936 se
1176 892 1461 945 contulerunt,

100 988 185 1033 quo
204 973 312 1017 sacto
332 988 381 1017 ea
404 987 498 1016 cum
520 971 636 1015 fabro
656 972 761 1016 sacta
780 972 915 1031 pactio
937 978 1016 1030 est,
1046 979 1093 1017 ut
1112 972 1226 1034 quod
1245 973 1463 1033 postulas-

100 1059 167 1098 set
185 1053 406 1113 potiretur,
444 1052 476 1097 si
495 1067 634 1096 arcem
654 1059 874 1097 exstruere
893 1053 1016 1097 unius
1036 1054 1183 1098 hiemis
1204 1054 1337 1115 spatio
1356 1071 1463 1115 pos-

100 1140 188 1192 set3
225 1133 258 1178 si
277 1149 359 1194 qua
378 1148 477 1177 vero
503 1148 599 1194 pars
619 1133 723 1177 arcis
750 1134 883 1193 prima
904 1133 970 1178 die
990 1136 1143 1178 aestatis
1166 1151 1250 1179 non
1271 1135 1463 1180 absoluta

100 1220 229 1274 esset,
250 1213 446 1258 mercede
466 1214 693 1271 excideret,
731 1215 882 1259 nullius
903 1221 1045 1259 autem
1064 1216 1243 1261 hominis
1264 1232 1392 1276 opera
1413 1216 1465 1261 ad

100 1295 402 1356 perfectionem
428 1295 566 1355 operis
592 1301 800 1340 uteretur.
872 1297 988 1350 Quas
1015 1297 1275 1344 conditiones
1302 1313 1398 1342 cum
1426 1298 1464 1343 ei

100 1376 441 1437 proposuissent,
487 1376 650 1420 veniam
678 1376 729 1421 ab
758 1377 816 1421 eis
844 1377 985 1437 petiit,
1032 1384 1081 1422 ut
1116 1378 1193 1422 sibi
1228 1379 1290 1423 uti
1319 1379 1466 1424 liceret

99 1471 230 1517 opera
255 1457 352 1517 equi
380 1457 467 1516 sui,
512 1457 577 1502 cui
608 1457 854 1502 Svadilsorio
884 1474 1038 1503 nomen
1066 1466 1176 1517 erat,
1214 1460 1464 1505 auctoritate

99 1552 200 1582 vero
226 1537 350 1582 Lokii
375 1538 529 1582 factum
557 1545 646 1597 est,
694 1546 742 1584 ut
767 1540 846 1584 hoc
873 1540 911 1583 ei
939 1540 1256 1585 concederetur.
1326 1542 1464 1586 Prima

101 1617 168 1663 die
186 1618 333 1664 hiemis
353 1635 491 1664 arcem
511 1620 647 1665 facere
661 1620 853 1679 instituit,
874 1628 1000 1665 noctu
1013 1637 1110 1665 saxa
1128 1638 1238 1683 equo
1260 1623 1463 1680 adtraxit3

100 1698 143 1744 id
163 1714 261 1744 vero
279 1700 375 1745 Asis
393 1716 548 1760 magno
568 1702 645 1746 fuit
671 1702 890 1760 miraculo,
928 1709 1084 1762 quanta
1115 1719 1213 1747 saxa
1241 1719 1376 1764 equus
1397 1704 1465 1748 ille

100 1781 304 1840 traheret,
341 1782 412 1843 qui
431 1781 601 1842 quidem
621 1782 810 1827 laborem
829 1783 961 1827 multo
982 1783 1151 1841 majoris
1172 1785 1308 1844 molis,
1337 1801 1465 1846 quam

101 1860 236 1920 saber,
274 1862 485 1907 sustinuit.
554 1864 716 1908 Verum
735 1863 815 1907 hoc
834 1879 980 1908 corum
1001 1869 1169 1924 pactum
1189 1866 1318 1911 firmis
1338 1867 1465 1912 testi-

100 1942 181 1987 bus
200 1943 428 2004 multisque
442 1943 692 2002 juramentis
719 1944 924 1989 sancitum
953 1944 1054 1999 suit,
1092 1961 1143 1989 co
1174 1944 1287 2004 quod
1305 1945 1464 2004 giganti

100 2024 237 2069 minus
256 2031 395 2069 tutum
415 2040 509 2069 esse
528 2024 764 2083 videbatur,
803 2026 956 2069 versari
987 2026 1095 2070 inter
1113 2027 1220 2070 Asas
1250 2026 1363 2070 nulla
1383 2026 1465 2070 sti-

101 2105 244 2166 pulata
275 2105 525 2164 securitate,
564 2106 597 2150 si
617 2107 731 2151 Thor
760 2106 931 2150 domum
959 2106 1140 2165 rediret,
1187 2107 1258 2167 qui
1294 2107 1465 2167 quidem

100 2192 200 2231 tunc
229 2186 270 2230 in
302 2187 500 2246 regiones
537 2187 762 2232 orientales
792 2187 844 2231 ad
874 2188 1168 2248 percutiendos
1200 2188 1465 2247 (caedendos,

101 2267 442 2328 interficiendos)
479 2268 671 2328 gigantes
708 2270 921 2328 profectus
967 2275 1070 2314 erat.
1140 2269 1345 2329 Praecipiti
1376 2269 1465 2328 jam

101 2348 239 2392 hieme
275 2365 381 2409 opus
408 2350 589 2394 multum
608 2356 896 2410 processerat,
928 2357 971 2395 et
990 2357 1078 2395 erat
1098 2366 1169 2395 arx
1189 2357 1273 2395 tam
1294 2351 1403 2395 celsa
1424 2356 1467 2394 et

102 2428 237 2489 firma,
274 2436 322 2474 ut
339 2428 570 2490 expugnari
600 2432 716 2476 nullo
745 2431 872 2475 modo
892 2438 1051 2492 posset.
1123 2434 1229 2478 Cum
1258 2448 1358 2476 vero
1378 2438 1464 2476 tres

103 2508 192 2555 dies
211 2517 483 2571 superessent
502 2511 555 2556 ad
574 2512 736 2557 initium
756 2514 926 2571 aestatis,
964 2529 1068 2574 opus
1088 2514 1395 2575 propemodum
1414 2513 1466 2557 ad

103 2652 145 2684 S.
169 2671 215 2677 -
244 2652 291 2696 ¹¹)
316 2655 406 2697 Κεφ.
434 2655 571 2688 scribit
594 2656 649 2698 h.;
674 2656 792 2696 heitir,
822 2656 877 2689 W.
902 2676 947 2679 —
976 2655 1022 2699 ⁵²)
1047 2647 1163 2696 Asvm,
1190 2659 1242 2690 W.
1268 2676 1286 2678 e
1303 2676 1311 2678 <
1342 2655 1464 2698 13).ςί«3

104 2713 209 2756 Ray„
234 2715 288 2758 W,
313 2717 407 2758 quod
429 2727 500 2759 pro
529 2718 601 2750 dal.
628 2718 726 2760 siny.
754 2723 958 2761 syncopato
986 2718 1257 2761 accipiendum,
1279 2717 1461 2757 ιῑϋίπιῐιιυιιι,

107 2775 203 2816 quod
228 2775 329 2809 dedic
353 2777 533 2811 Raske'us.
560 2797 598 2802 -
629 2779 954 2822 ¹³]borgarsmi61n,
983 2781 1043 2821 W,-
1070 2780 1198 2821 borgar
1223 2778 1349 2819 smibit,
1375 2778 1462 2809 Bes.
