1811 3256
71 213 118 257 C.
161 208 329 256 10-11·
459 221 764 258 LumchTlo
790 220 1044 254 GYLVIANA.
1357 202 1419 248 57

71 349 321 410 Omnipater
338 351 511 394 Nottam
539 353 581 391 et
597 347 766 403 Dagum
785 342 915 386 filium
935 341 1024 401 ejus
1059 343 1191 402 cepit,
1228 343 1286 386 eis
1314 343 1418 388 duos

72 447 203 492 equos
240 430 430 490 duosque
466 442 610 473 currus
647 423 780 482 dedit,
818 428 860 467 et
893 422 934 466 in
970 423 1122 467 coelum
1157 423 1337 480 sustulit,
1374 430 1422 467 ut

73 511 245 571 singulis
274 510 422 555 diebus
441 507 717 566 noctibusque
736 510 891 549 terram
911 503 1027 565 equis
1047 503 1421 548 circumvehantur.

72 595 203 652 Notta
232 592 346 653 prior
371 590 553 651 equitat,
597 602 705 647 equo
732 591 872 643 vecta,
903 583 1012 629 dicto
1038 584 1272 629 Hrimfaxio
1302 584 1423 644 (juba

73 672 325 735 pruinosa),
353 672 421 732 qui
450 669 592 731 quovis
611 683 734 712 mane
763 673 918 711 terram
946 666 1098 725 guttis,
1136 681 1158 709 e
1178 666 1319 725 lupato
1340 664 1422 710 de-

8 796 11 799 ,
76 753 349 811 stillantibus,
365 752 532 796 irrorat.
584 750 755 810 Equus,
784 747 852 808 qui
872 749 995 807 Dago
1016 753 1102 805 est,
1125 745 1273 791 dieitur
1292 745 1423 790 Skin-

75 835 206 880 faxius
230 814 370 892 (juba
405 830 669 893 splendida),
706 828 823 887 eujus
858 827 960 887 juba
987 834 1101 872 totus
1128 830 1201 871 ae'r
1237 832 1279 870 et
1312 832 1424 871 terra

76 916 386 960 collustrantur.

148 994 220 1041 11.
256 996 363 1039 Tum
383 992 654 1052 Ganglerius:
691 990 902 1053 quomodo
929 990 1039 1049 regit
1066 1004 1233 1034 cursum
1260 987 1357 1033 solis
1385 993 1430 1032 et

77 1075 229 1122 lunae?
273 1075 350 1120 Cui
377 1076 488 1119 Har:
523 1073 599 1119 Vir
633 1073 870 1117 nominatus
907 1077 971 1116 est
1005 1070 1321 1128 MundilsoriuS,
1358 1068 1429 1130 qui

77 1158 182 1202 duos
202 1156 356 1201 liberos
376 1151 545 1199 habuitss
579 1154 621 1197 hi
640 1160 725 1198 tam
745 1159 864 1198 erant
882 1151 1085 1213 splendidi
1105 1168 1152 1196 ao
1170 1150 1346 1213 pulchri,
1382 1156 1430 1194 ut

77 1244 197 1298 pater
231 1237 409 1281 alterum
445 1235 675 1296 appellaret
709 1235 918 1289 Manium,
972 1234 1098 1278 filiam
1133 1249 1232 1279 vero
1260 1231 1428 1289 Solem,

77 1325 203 1379 atque
239 1318 346 1362 hanc
380 1317 500 1375 viro,
545 1316 610 1360 cui
647 1317 781 1361 Gleno
817 1330 998 1373 nomen,
1043 1316 1084 1359 in
1119 1312 1431 1368 matrimonium

79 1399 211 1444 daret.
280 1398 349 1442 Dii
394 1404 558 1455 autem,
597 1397 673 1441 hac
709 1396 833 1440 nimia
869 1395 1064 1457 superbia
1099 1395 1213 1453 irati,
1259 1395 1430 1438 fratrem

80 1494 353 1540 sororemque
380 1478 716 1539 prehenderunt,
747 1485 871 1539 atque
898 1478 939 1522 in
967 1477 1117 1522 coelum
1148 1476 1430 1532 sustulerunt,

80 1561 305 1622 Solemque
337 1559 554 1619 jusserunt
588 1575 718 1621 equos
748 1574 899 1618 agere,
937 1574 1105 1603 currum
1132 1558 1311 1602 solarem
1338 1563 1432 1600 tra-

80 1641 264 1700 hentes,
302 1656 426 1702 quem
463 1656 630 1685 currum
666 1641 719 1685 dii
738 1640 791 1685 ad
824 1639 1003 1684 mundos
1040 1637 1345 1684 collustrandos
1381 1652 1433 1681 ex

82 1722 298 1781 strictura,
336 1737 359 1766 e
395 1721 551 1766 mundo
581 1722 776 1782 Muspelli
812 1722 1025 1779 evolante,
1064 1725 1327 1774 creaverant3
1364 1718 1435 1779 qui

85 1803 183 1864 equi
218 1803 276 1848 sic
310 1809 535 1847 vocantur:
570 1803 762 1847 Arvakus
792 1809 835 1846 et
861 1801 1079 1858 Alsvidus3
1115 1815 1260 1845 verum
1289 1799 1436 1844 subter

87 1899 223 1928 armos
260 1884 410 1928 horum
438 1899 642 1944 equorum
669 1883 723 1927 dii
747 1889 980 1944 posuerunt
1005 1881 1110 1926 duos
1137 1881 1256 1926 folles
1284 1879 1335 1925 ad
1362 1895 1435 1925 eos

85 1963 420 2024 refrigerandos,
457 1963 570 2024 quod
607 1965 789 2008 ferreum
825 1963 1087 2023 refrigerium
1115 1963 1155 2007 in
1186 1961 1436 2024 quibusdam

87 2045 371 2090 carminibusa
405 2045 652 2105 appellatur.
688 2045 851 2089 Manius
872 2060 1039 2089 cursum
1058 2043 1436 2102 lunaemoderatur,

86 2126 295 2171 novilunia
322 2133 364 2171 et
389 2125 613 2170 interlunia
631 2125 764 2185 regit,
794 2125 906 2169 idem
934 2124 1038 2169 duos
1067 2140 1220 2185 pueros
1248 2140 1299 2169 ex
1326 2130 1439 2169 terra

88 2207 428 2266 sustulit,Bilam
464 2213 506 2252 et
539 2206 742 2265 Hjukium
778 2206 933 2265 dictos,
971 2221 1099 2267 quum
1135 2221 1158 2250 a
1194 2207 1331 2264 sonte,
1369 2205 1439 2266 qui

87 2289 250 2349 Byrger
286 2288 455 2346 dicitur,
499 2287 706 2346 redirent,
752 2288 887 2332 lacurn
923 2284 1142 2348 (sinum),
1187 2287 1255 2348 qui
1292 2288 1439 2346 Saegus

91 2368 261 2428 dieitur,
298 2369 453 2429 pertica
473 2369 630 2413 Simula
658 2369 765 2414 diota
792 2368 975 2413 humeris
994 2374 1224 2429 portantes.
1276 2369 1441 2412 Horum

92 2456 210 2510 pater
227 2449 446 2495 Vidfinnus
466 2451 714 2511 appellatur.
758 2451 812 2495 Hi
834 2449 951 2511 pueri
970 2449 1156 2494 Manium
1175 2449 1439 2507 comitantur,

92 2531 154 2575 uti
173 2518 326 2576 e‘terra
349 2531 530 2591 conspici
550 2538 703 2591 potest.

94 2643 163 2667 om.
194 2635 234 2674 U,
267 2634 315 2667 Η.
347 2651 393 2658 -
430 2633 478 2677 11)
505 2645 526 2666 a
553 2632 641 2676 [om.
674 2634 725 2676 U,
759 2633 806 2665 H.
840 2651 884 2657 —
921 2632 969 2676 12)
995 2633 1079 2666 born
1104 2636 1178 2673 tvo,
1218 2634 1273 2666 W.
1310 2651 1356 2656 -—
1393 2631 1443 2675 13)

94 2694 218 2735 Hviki,
243 2694 299 2727 Sc.
324 2713 369 2719 —
398 2694 447 2738 1⁴)
473 2695 648 2738 Byggvir,
684 2695 733 2738 Π,-
759 2694 884 2738 Biger,
908 2694 956 2728 H.
983 2713 1026 2718 —-
1056 2692 1105 2737 ¹⁵)
1131 2695 1268 2737 Sumul,
1296 2693 1343 2726 H.

199 2756 239 2799 a)
264 2766 300 2789 υ.
334 2767 363 2789 c.
396 2756 639 2798 Grirnnismzil,
664 2757 719 2789 37.
