1811 3256
130 223 177 267 C.
203 220 434 268 129-130.
640 239 807 272 onmis
846 238 1068 271 METRICA.
1378 219 1472 266 669

326 361 552 406 transvolat
585 362 625 405 in
661 368 910 420 tempestate
946 360 1169 420 Skogulae⁷

327 443 458 503 clypei
494 458 592 487 vero
626 458 709 487 non
744 442 894 501 integri
930 448 1162 486 servantur.

327 523 526 569 Militibus
562 530 733 583 autem,
772 521 1046 568 educentibus
1082 521 1264 581 gladios,

329 605 485 649 amicus
522 605 705 649 virorum
741 605 934 648 celeriter
969 618 1188 647 mucrones

327 685 482 729 sudore
517 685 640 744 gladii
676 684 895 729 rubefacit.
964 686 1027 730 Ea
1063 684 1148 728 veri

327 767 503 811 nominis
540 766 722 826 dynasta}
759 765 958 810 fortitudo
994 772 1073 810 est.

131 847 292 891 Primus
314 853 356 891 ct
372 847 518 892 tertius
538 862 681 891 versus
700 846 822 905 hujus
844 847 1025 907 strophae
1044 845 1210 907 syllabis
1230 845 1475 890 harmonicis

132 934 297 986 carent,
334 928 373 972 in
404 927 588 972 secundo
617 934 659 972 et
684 934 832 988 quarto
860 927 1026 988 syllabae
1058 926 1307 971 harmonica}
1343 926 1476 986 plenae

132 1009 345 1066 obtinent3
382 1008 500 1054 litera
524 1025 623 1054 vero
650 1010 821 1053 metrica
848 1008 1062 1068 princeps,
1101 1022 1193 1068 quae
1219 1007 1476 1051 harmoniam

131 1105 275 1135 versus
304 1089 475 1134 secundi
505 1097 546 1134 et
574 1090 709 1151 quarti
737 1089 963 1147 constituit,
1001 1089 1055 1132 ita
1085 1087 1284 1132 collocata
1314 1093 1392 1145 est,
1429 1093 1477 1131 ut

133 1186 226 1215 eam
253 1186 335 1215 una
360 1171 424 1215 vel
452 1170 543 1215 duae
572 1171 739 1231 syllabae
770 1170 1037 1231 praecedant3
1074 1169 1114 1212 in
1143 1168 1292 1213 ceteris
1320 1168 1479 1227 regulae

132 1251 255 1314 metri
291 1251 469 1296 collatati
504 1257 735 1296 servantur.

236 1349 343 1396 130.
412 1352 506 1396 Jam
541 1349 754 1394 adferetur
788 1366 992 1393 VARIATm
1028 1350 1386 1394 Tonv-Emms:

198 1429 277 1478 55.
335 1431 439 1486 Quis
475 1430 611 1475 videat
645 1430 883 1491 dynastam⁷
921 1430 1246 1491 prudentissimo

331 1512 561 1573 principum
597 1518 758 1556 terrore
794 1512 1127 1572 praestantiorem

331 1599 404 1638 aut
438 1592 695 1653 cupidiorem
733 1592 1009 1653 amplificandi

330 1674 536 1719 subitanei
570 1675 810 1734 clypeorum
846 1672 1087 1733 strepitus?

330 1755 457 1800 Haud
492 1755 665 1815 exiguus
701 1755 903 1799 tumultus
940 1753 1215 1815 proficiscitur

337 1852 360 1880 a
395 1836 565 1881 numine
600 1835 742 1881 imbris
778 1835 988 1897 chalybei,

338 1916 504 1979 quando
539 1916 651 1962 vadit
684 1916 826 1978 populi
860 1916 1053 1978 princeps

334 1998 447 2043 divos
482 1997 614 2059 proelii
649 2013 672 2042 a
706 1997 858 2043 finibus
894 1997 1164 2059 prohibitum.

138 2080 276 2139 Hujus
306 2079 488 2140 strophae
514 2094 658 2124 versus
676 2079 835 2140 primus
856 2086 898 2124 et
916 2079 1064 2124 tertius
1084 2079 1247 2140 syllabis
1267 2079 1483 2123 harmoni-

137 2161 194 2206 cis
214 2167 380 2219 carent3
406 2160 445 2204 in
467 2159 650 2205 secundo
671 2167 713 2205 et
731 2167 878 2221 quarto
898 2160 1064 2222 syllabae
1081 2160 1331 2206 harmonicae
1350 2160 1483 2205 serni-

136 2242 270 2302 plenae
301 2247 344 2286 et
372 2241 514 2287 vicinae
545 2241 751 2287 obtinent.

139 2363 170 2405 (ι’
198 2364 313 2405 syrsta
339 2363 384 2394 ok
410 2361 527 2407 {wibja
551 2363 703 2395 visum-bi
731 2364 847 2396 litura*
874 2364 1016 2407 deletu)
1043 2375 1083 2396 en
1110 2363 1225 2410 prioja
1249 2364 1414 2405 hending‚
1440 2364 1485 2394 ok

139 2420 248 2463 fylgir
273 2421 446 2451 samstafa
470 2420 584 2452 hves-ri
613 2421 796 2461 hendingu.
822 2440 864 2444 —
896 2420 945 2463 ¹⁰)
971 2432 992 2453 a
1020 2421 1105 2464 [om.
1123 2423 1182 2464 W,
1212 2422 1251 2454 U.
1276 2440 1321 2444 -—
1351 2420 1402 2463 ¹¹)
1428 2420 1487 2453 sic

139 2479 252 2521 Re9.,·
288 2477 368 2519 saei,
394 2477 464 2520 id„
492 2479 549 2521 W,
580 2479 619 2512 U.
645 2496 690 2502 —
725 2478 773 2522 ¹²)
795 2478 903 2521 jofri,
932 2480 969 2513 U.
995 2498 1040 2503 —
1078 2479 1127 2523 ¹³)
1153 2479 1255 2520 aeg'ir,
1286 2478 1350 2520 W‚·
1383 2477 1485 2518 aegri,

142 2537 181 2569 U.
206 2556 250 2559 -—
289 2536 337 2579 ¹⁴¹)
365 2535 566 2577 forvitrum‚
595 2536 634 2568 U.
670 2554 715 2560 —
756 2534 803 2579 ¹⁵)
829 2536 887 2569 sic
910 2536 1018 2580 Ray„
1055 2538 1118 2579 W,
1156 2537 1185 2569 U
1208 2546 1326 2579 supra
1352 2535 1488 2567 lineam

140 2603 254 2626 manu
269 2593 423 2625 librarii
437 2593 682 2637 adscriptum,
697 2594 738 2626 in
753 2594 838 2637 ipsa
855 2595 954 2628 linea
970 2605 1058 2627 vero
1075 2594 1202 2627 snarla.
1223 2613 1263 2616 W
1295 2593 1340 2635 ¹⁶)
1356 2591 1486 2637 graepa,

143 2652 202 2693 W,
230 2652 268 2684 U.
293 2669 339 2674 —
370 2650 415 2693 ¹⁷)
441 2650 671 2692 haroselldan‚
698 2652 797 2694 duri,
825 2652 931 2695 soevi,
958 2654 1020 2694 W,·
1046 2651 1305 2698 liarpsvelldam
1332 2649 1485 2692 turyidi,

141 2708 393 2751 vehementis,
423 2709 463 2741 U.
487 2727 532 2732 —
563 2708 607 2751 ¹⁸)
633 2711 687 2749 af,
714 2709 777 2753 id„
809 2709 862 2743 W.
886 2729 931 2733 —
961 2709 1006 2753 ¹⁹)
1033 2710 1090 2743 sic
1104 2711 1154 2751 W,
1184 2709 1235 2750 1],·
1261 2706 1487 2753 folksiai·1)ar,

142 2765 233 2809 Req.
258 2785 303 2790 —
329 2765 379 2808 ²⁰)
405 2765 626 2807 sigmorkvn„
655 2767 696 2799 U.
717 2785 762 2792 —
787 2766 840 2810 ²¹)
863 2778 885 2800 a
908 2767 1040 2810 [abalhz
1061 2766 1202 2810 [supra
1221 2766 1359 2800 lineam
1377 2775 1488 2798 manu

144 2822 290 2856 recenti
314 2822 449 2866 skoth)
473 2823 518 2856 ok
545 2822 655 2868 rioth,
683 2825 735 2858 W.
