1811 3256
77 227 124 271 C.
151 223 269 272 105-
279 225 382 271 106.
559 244 725 278 anws
765 245 986 278 ME'rch.
1317 229 1409 279 641

178 365 284 412 105.
336 367 439 410 Haec
466 366 633 411 variatio
657 367 783 413 habet
807 384 1050 412 HARMONIAS
1077 386 1408 417 ALTERNANTESss

140 460 219 507 29.
269 464 385 507 Duas
420 463 588 507 memini
623 462 732 524 apud
767 463 937 508 hilarem

269 543 494 605 principem
530 545 642 589 laetas
678 544 944 589 mansiones:

270 625 442 685 contigit
476 625 572 669 mihi
607 641 689 670 una
723 633 816 669 cum
852 625 1045 670 munifico

268 705 500 751 divitiarum
535 706 792 751 cumulatore
826 706 1058 752 considere.

269 788 500 848 Imperator
535 802 737 847 perquam
772 788 954 848 pretiosa
991 788 1149 834 cimelia

269 868 416 913 lubens
453 868 565 913 dedit
593 868 827 927 jaculorum
862 870 1028 914 rectori.

269 949 374 993 Auri
408 950 602 1010 profusor
637 949 743 994 fidus
780 956 869 994 erat
902 951 1192 1010 praefectorum

269 1030 543 1088 moderatori,
588 1030 794 1091 frequenti
830 1031 1027 1076 comitatu
1062 1032 1227 1092 stipato.

73 1127 118 1170 ln
154 1125 274 1185 liujus
310 1126 489 1186 stropha)
523 1140 689 1169 versum
721 1125 950 1170 secundum
980 1134 1021 1171 et
1049 1133 1241 1188 quartum
1269 1127 1406 1171 incidit

73 1206 242 1251 variatio
278 1206 478 1265 metrica,
516 1221 640 1267 quam
678 1206 802 1251 efficit
835 1207 987 1267 syllaba
1023 1214 1215 1268 quartaa.

175 1339 280 1386 106.
348 1343 442 1385 Hoc
477 1347 541 1386 est
574 1356 704 1399 genus
739 1357 1041 1387 TssociiAicUM:

136 1433 214 1481 30.
266 1436 468 1482 Viridium
504 1438 740 1497 clypeorum
776 1438 948 1481 thallum

266 1518 435 1577 hortor,
473 1524 518 1562 ut
552 1518 726 1577 gratiam
761 1519 870 1577 regis
907 1520 1105 1564 retineat:

267 1599 448 1644 fraxinus
486 1599 638 1644 tabulae
672 1600 901 1659 plantarum
937 1602 1199 1659 Hrungneris

268 1696 316 1724 ea
351 1696 396 1724 re
432 1681 632 1724 honorem
669 1687 917 1726 consecutus
954 1688 1032 1726 est.

267 1762 431 1805 Tenens
468 1762 600 1821 campi
636 1761 835 1821 proeliaris
873 1762 1055 1822 virgam!

266 1850 384 1886 utere
419 1843 641 1886 multarum
676 1848 882 1886 terrarum
918 1843 1089 1904 imperio

269 1923 321 1967 ad
355 1930 582 1967 extremam
616 1938 749 1984 usque
785 1923 1071 1968 senectutem!

267 2006 503 2048 prostrator
536 2004 742 2063 hostium,
787 2004 989 2064 benignus
1025 2005 1144 2050 nobis
1182 2006 1305 2050 fuisti.

68 2102 207 2146 Etiam
241 2101 281 2144 in
307 2100 427 2160 hujus
462 2101 641 2160 strophae
676 2117 839 2145 versum
874 2110 1066 2163 quartum
1102 2107 1144 2146 et
1178 2100 1405 2146 secundum

71 2183 211 2228 incidit
252 2182 421 2227 metrica
465 2181 664 2241 variatio7
708 2198 830 2243 quam
874 2183 951 2227 hoc
994 2183 1084 2227 loco
1126 2183 1221 2228 facit
1255 2183 1404 2245 syllaba

70 2272 206 2311 tertia.

163 2479 202 2522 a)
238 2478 391 2512 nimirum
429 2478 462 2510 in
499 2477 552 2510 his
589 2478 744 2510 versibus
781 2479 886 2511 locum
930 2480 1030 2511 habet
1066 2479 1294 2513 antibacchius
1332 2490 1404 2511 oum

72 2541 326 2584 amphibracliy.

1104 2830 1142 2861 ss
