1811 3256
100 216 149 262 C.
186 212 359 261 38-39.
475 231 783 264 LumchTio
809 231 1070 264 GYLVIANA.
1365 218 1455 266 129

428 352 662 397 universam
699 368 775 412 per
807 358 984 409 terram3

427 450 559 495 paveo
595 432 647 477 de
681 432 854 492 Hugine

427 514 599 560 domum
633 529 686 557 ne
720 529 802 557 non
837 512 999 572 redeat,

425 596 558 655 magis
595 601 734 639 tamen
770 594 968 639 sollicitus
1005 611 1099 641 sum
1135 597 1186 642 de
1222 599 1410 649 Munine.

162 675 241 722 39.
274 678 383 721 Tum
405 675 677 736 Ganglerius:
715 674 814 735 quid
832 676 1005 720 Einheri
1025 684 1148 737 potus
1168 679 1259 724 loco
1279 680 1452 741 habent,

96 758 211 820 quod
230 759 288 803 eis
310 773 429 819 aeque
450 755 616 802 abunde
637 756 831 815 sufficiat,
861 763 988 818 atque
1008 758 1159 804 cibus?
1197 776 1247 805 an
1268 760 1324 805 ibi
1346 778 1453 823 aqua

94 839 288 884 bibitur?
323 842 414 884 Har
431 844 597 883 contra:
619 837 723 882 mire
742 854 853 882 nunc
872 838 1121 900 interrogas,
1157 843 1273 902 quasi
1296 844 1453 887 Omni-

93 927 213 981 pater
230 920 408 965 invitatis
428 918 479 963 ad
492 933 536 963 se
555 917 725 978 regibus
745 925 817 963 aut
836 918 1034 980 dynastis,
1066 929 1137 967 aut
1157 924 1244 967 aliis
1264 925 1454 983 potenti-

92 1001 174 1046 bus
194 1002 302 1061 viris,
324 1016 476 1062 aquam
494 999 720 1044 bibendam
741 999 912 1045 daturus
934 1002 999 1046 sit.
1052 1003 1109 1047 Et
1128 1004 1315 1064 profecto
1336 1007 1454 1050 mul-

93 1083 144 1127 tis
165 1098 327 1141 eorum,
364 1082 434 1143 qui
454 1082 495 1125 in
515 1081 748 1127 Valhallam
774 1082 960 1141 veniunt,
998 1099 1117 1144 aquae
1146 1091 1270 1145 potus
1298 1102 1453 1147 magno

94 1170 287 1208 constare
306 1162 535 1221 videretur,
574 1162 607 1207 si
634 1163 787 1207 lautior
804 1163 934 1208 victus
955 1179 1005 1209 eo
1027 1165 1118 1210 loco
1138 1182 1221 1210 non
1242 1174 1355 1212 essct
1374 1184 1454 1212 ex-

93 1243 344 1306 spectandus
378 1244 447 1302 iis,
503 1244 574 1305 qui
610 1250 731 1287 antea
759 1244 931 1288 vulnera
957 1251 1000 1290 et
1027 1245 1195 1291 dolores
1223 1247 1276 1292 ad
1305 1264 1453 1294 necem

93 1326 357 1387 pertulerint.
426 1325 553 1371 Aliud
573 1324 647 1370 tibi
673 1324 768 1370 inde
787 1326 947 1370 referre
967 1326 1119 1372 habeo.
1192 1329 1350 1389 Capra,
1388 1330 1454 1374 cui

91 1406 322 1452 Heidrunae
341 1423 520 1465 nomen,
559 1422 686 1467 super
712 1407 752 1451 in
772 1407 963 1452 Valhalla
984 1414 1081 1467 stat,
1119 1415 1162 1454 et
1180 1409 1349 1455 frondes
1370 1410 1453 1456 de-

93 1488 224 1548 cerpit
242 1504 265 1533 e
283 1489 408 1534 ramis
428 1489 589 1533 arboris
621 1488 930 1548 celeberrima),
960 1505 1053 1551 quae
1069 1490 1259 1535 Leradus
1280 1490 1452 1549 dicitur3

92 1584 238 1613 verum
257 1585 279 1614 e
299 1571 460 1630 papillis
482 1570 571 1629 ejus
593 1569 683 1614 {luit
700 1570 898 1630 mulsum,
937 1587 1021 1632 quo
1040 1578 1247 1616 craterem
1266 1572 1453 1633 quotidie

93 1650 256 1712 implet,
294 1652 364 1712 qui
385 1658 521 1696 crater
539 1657 664 1695 tantae
685 1658 749 1696 est
767 1653 1019 1712 capacitatis,
1048 1659 1095 1697 ut
1115 1668 1261 1698 omnes
1279 1654 1454 1698 Einheri

91 1732 188 1776 inde
208 1733 305 1776 satis
326 1733 411 1792 poti
432 1733 546 1777 fiant.
601 1733 849 1792 Ganglerius
870 1748 1020 1794 porro:
1058 1749 1181 1794 capra
1201 1734 1276 1779 ista
1297 1734 1454 1794 ingen—

92 1820 179 1858 tem
198 1814 274 1858 illis
293 1829 415 1857 usum
436 1820 628 1874 praestat3
666 1813 842 1871 eximiae,
864 1813 1005 1873 credo,
1025 1813 1223 1860 bonitatis
1244 1821 1308 1859 est
1327 1814 1454 1859 arbor

91 1894 183 1953 illa,
221 1910 345 1955 quam
383 1893 634 1955 depascitur.
705 1895 813 1938 Tum
845 1896 961 1939 Har:
1007 1896 1139 1955 magis
1167 1895 1452 1941 memorabilis

93 1981 157 2020 est
176 1990 322 2020 cervus
341 1975 615 2036 Eikthyrner,
637 1975 707 2036 qui
728 1975 768 2019 in
789 1981 901 2020 tecto
911 1976 1112 2021 Valhallae
1131 1983 1228 2035 stat,
1251 1984 1294 2022 et
1310 1993 1451 2022 ramos

91 2056 283 2115 ejusdem
308 2055 469 2101 arboris
506 2056 764 2117 depascitur,
794 2072 845 2101 ex
865 2056 983 2115 cujus
1003 2057 1200 2102 cornibus
1220 2064 1334 2103 tanta
1355 2058 1452 2103 stil-

90 2138 149 2182 lat
166 2144 306 2197 gutta,
327 2144 375 2182 ut
392 2137 799 2197 in'Hvergelmerem
820 2137 1008 2197 decidat,
1038 2137 1220 2199 indeque
1239 2138 1454 2199 profluunt

91 2234 251 2278 amnes,
282 2234 462 2280 quorum
481 2219 649 2263 nomina
669 2225 789 2264 sunt:
829 2219 942 2278 Sida,
963 2219 1085 2279 Vida,
1107 2219 1276 2278 Sekina,
1297 2219 1450 2278 Ekina,

92 2299 231 2358 Svola,
270 2300 544 2358 Gunnthroa,
581 2299 766 2359 Fjorma,
802 2299 1111 2357 Fimbulthula,
1150 2300 1317 2361 Gipula,
1356 2301 1451 2345 Go-

90 2381 215 2440 pula,
261 2381 466 2439 Gomula,
515 2381 791 2439 Geirvimula3
838 2381 878 2425 hi
915 2397 991 2442 per
1024 2382 1206 2426 Asarum
1242 2382 1451 2426 territoria

90 2461 303 2507 labuntur.
388 2462 444 2506 Hi
495 2469 700 2523 praeterea
752 2463 1040 2507 nominantur:
1095 2462 1265 2523 Thyna,
1319 2463 1423 2507 Vina
1440 2496 1449 2509 2

90 2561 149 2595 sic
174 2564 219 2595 W
246 2573 327 2596 cum
351 2563 448 2596 Edd.
473 2568 549 2596 ant.
581 2563 801 2606 (Grimnism.
827 2574 862 2597 v.
887 2564 982 2607 26);
1015 2563 1183 2611 Eirpyrni
1210 2565 1354 2607 [mend.
1378 2575 1449 2607 pro

90 2621 321 2669 Elcpyrnffl),
345 2624 516 2668 Rey.‚s,·
542 2624 738 2671 Takbyrni,
767 2625 804 2668 U,
820 2625 880 2667 11,-
906 2624 1094 2672 Eikpirmi,
1119 2624 1207 2658 Res.
1234 2643 1272 2648 —
1309 2622 1352 2666 ¹⁴)
1368 2624 1450 2666 add,

92 2684 143 2722 Ψ,
173 2684 209 2724 Π,
233 2684 280 2725 Η,
305 2684 392 2718 Res·-
418 2705 464 2710 —
493 2685 538 2729 ¹⁵]
565 2688 621 2728 ok,
648 2688 700 2720 W.
727 2706 771 2710 —
795 2685 841 2728 16)
868 2687 926 2719 sic
951 2688 1011 2728 W,-
1045 2685 1172 2726 Sekin,
1198 2684 1312 2726 Ekin,
1337 2683 1448 2725 Rey.;

90 2744 219 2786 Saekin,
244 2745 362 2784 AEkin,
390 2747 427 2780 U.
456 2768 496 2770 W*
524 2746 573 2790 ¹⁷)
600 2748 754 2788 Gundra,
779 2747 827 2790 S3
855 2747 1034 2796 Gunnprzi,
1061 2747 1148 2780 Res.
1174 2765 1219 2769 —
1249 2745 1294 2788 18)
1318 2743 1448 2783 Fiorni,

93 2806 139 2847 U3
165 2805 298 2846 Fjarin.
323 2806 369 2838 H.
1166 2854 1189 2884 9
