1811 3256
85 185 130 229 C.
173 182 245 228 17.
482 200 541 232 DE
568 198 783 231 olerioxss
811 197 1016 231 PoE'rch.
1332 181 1426 227 275

81 323 224 376 Quum
243 335 342 365 vero
360 320 548 379 gigantes
577 318 629 363 de
655 326 806 364 eventu
833 318 1083 378 certaminis,
1122 326 1214 364 utro
1240 335 1284 364 se
1305 320 1426 364 incli-

79 408 199 447 naret
217 402 396 457 sortuna,
432 416 686 460 magnopere
714 400 1059 460 periclitarentur,
1097 400 1210 461 quod
1229 401 1325 444 nihil
1344 417 1425 445 non

79 483 177 526 mali
195 482 292 542 ipsis
313 497 334 524 a
355 481 493 525 Tliore
514 481 784 525 metuendum
804 487 908 537 erat,
939 481 969 524 si
990 482 1231 540 Hrungner,
1261 481 1330 541 qui
1350 497 1425 524 ce-

80 569 193 607 teros
212 562 366 606 robore
386 562 623 621 praestahat,
645 560 884 605 cecidisset:
922 561 1264 620 Griotunagardis
1284 563 1424 606 homi-

79 659 176 688 nem
196 658 218 687 e
237 644 325 686 luto
347 643 547 699 fecerunt,
586 642 714 685 altum
740 657 887 685 novem
906 641 1107 699 milliaria,
1143 643 1340 687 humeros
1360 644 1425 687 la-

78 730 167 769 tum
186 724 277 768 tria.
315 723 392 769 Cui
412 737 540 784 quum
558 737 630 766 cor
647 737 720 782 pro
740 721 1022 781 magnitudine
1042 723 1225 784 corporis
1244 724 1426 768 invenire

78 805 316 866 nequirent,
339 820 458 865 equae
478 803 638 848 cuidam
659 808 872 846 exsectum
890 803 1150 861 indiderunt3
1187 804 1315 865 quod,
1345 804 1424 849 ad—

78 886 269 931 veniente
291 886 445 941 Thore,
482 900 628 944 parum
654 883 856 928 firmitatis
876 883 1034 929 habuit.
1080 886 1319 945 Hrungneri
1339 893 1427 930 erat

78 983 166 1026 cor,
203 967 311 1011 sama
332 965 514 1023 celebre,
553 980 603 1008 ex
632 963 736 1008 duro
762 965 911 1025 lapide,
949 967 1197 1023 aculeatum,
1234 967 1426 1027 triangu-

79 1050 183 1106 lare,
220 1045 573 1108 quemadmodum
592 1052 736 1105 postea
757 1046 908 1091 sactum
929 1053 991 1091 est
1010 1046 1050 1090 id
1069 1063 1200 1106 genus
1220 1047 1423 1105 incisurae,

79 1128 193 1191 quod
229 1143 301 1173 cor
317 1127 580 1186 Hrungneris
617 1126 810 1171 dicitura.
880 1127 1082 1187 Ejusdem
1118 1134 1240 1188 eaput
1276 1143 1298 1172 e
1327 1144 1426 1173 saxo

79 1217 194 1268 erat3
231 1210 398 1270 clypeus
429 1213 519 1251 erat
546 1223 689 1251 saxum
716 1208 845 1252 latum
871 1215 912 1253 et
938 1224 1143 1265 crassum3
1181 1224 1305 1270 quem
1332 1211 1425 1270 cly-

77 1306 219 1352 peum,
233 1305 361 1350 quum
375 1287 716 1346 Grjotunagardis
729 1295 841 1332 stans
851 1290 1033 1334 Thorem
1053 1282 1327 1350 exspectaret,
1349 1291 1426 1336 sibi

77 1370 310 1432 praetendit.
381 1370 544 1426 Cotem,
581 1385 662 1430 qua
682 1370 752 1414 teli
772 1371 862 1414 loco
887 1371 1100 1427 utebatur,
1121 1372 1296 1415 humero
1317 1371 1424 1415 suh-

76 1452 217 1496 limem
252 1449 445 1509 librabat,
483 1449 681 1511 adspectu
708 1451 815 1510 talis,
853 1468 1033 1512 quocum
1063 1452 1172 1496 haud
1200 1453 1316 1497 facile
1343 1468 1425 1496 ne-

78 1532 238 1592 gotium
264 1530 534 1576 contraxeris.
602 1532 670 1576 Ab
699 1532 831 1577 altero
860 1532 989 1577 latere
1016 1533 1105 1592 ejus
1143 1535 1279 1578 stabat
1307 1534 1425 1593 gigas

78 1615 241 1671 luteus,
286 1611 418 1657 dietus
452 1612 819 1673 Mokkurkalvius,
856 1613 1079 1658 admodum
1115 1614 1309 1675 pavidus3
1355 1615 1425 1675 qui

77 1700 300 1753 conspecto
327 1694 481 1752 Thore,
516 1693 749 1739 reddidisse
784 1695 946 1740 urinam
989 1695 1151 1740 dicitur.
1223 1697 1337 1740 Thor
1372 1695 1423 1739 ad

76 1774 311 1819 condictum
332 1781 543 1819 certamen
562 1776 770 1834 profectus
791 1783 868 1834 est,
896 1776 1113 1820 comitatus
1134 1776 1331 1835 Thialvio,
1354 1778 1424 1835 qui

77 1870 326 1915 procurrens
354 1869 420 1913 eo,
457 1871 540 1916 quo
561 1856 651 1900 loco
670 1857 896 1916 Hrungner
914 1856 1065 1916 stabat,
1095 1858 1203 1901 hunc
1221 1858 1423 1902 allocutus

78 1943 162 1980 est:
199 1935 361 1979 incaute
397 1941 503 1994 stas,
547 1936 688 1996 gigas,
740 1937 810 1998 qui
845 1939 1030 1998 clypeum
1065 1939 1137 1983 tibi
1173 1938 1423 1999 praeteiidas,

77 2033 205 2078 quum
233 2018 346 2060 Thor
380 2023 421 2061 te
451 2016 536 2076 jam
571 2016 727 2062 dudum
755 2020 1039 2079 conspexerit,
1076 2020 1144 2081 qui
1181 2020 1325 2065 subter
1358 2020 1424 2064 vi-

78 2113 194 2142 scera
231 2104 354 2142 terrae
391 2097 618 2158 pervadens
654 2104 695 2143 te
733 2115 755 2143 e
793 2100 883 2144 loco
919 2101 1100 2145 inferiori
1137 2100 1419 2161 adgredietur.

76 2181 184 2224 Tum
201 2180 427 2238 Hrungner
450 2179 650 2240 clypeum*
674 2181 848 2240 subjecit
872 2181 1070 2242 pedibus,
1108 2182 1228 2243 eique
1264 2181 1423 2240 institit,

77 2267 214 2305 cotem
241 2260 441 2305 ambabus
470 2261 659 2305 manibus
693 2261 860 2307 librans.
929 2265 1027 2308 Mox
1054 2263 1220 2307 fulmina
1245 2262 1355 2308 videt
1382 2269 1425 2307 et

76 2341 254 2400 ingentia
290 2341 469 2385 tonitrua
504 2342 639 2387 audit:
677 2343 786 2388 videt
821 2345 1002 2388 Thorem
1038 2344 1078 2388 in
1112 2345 1251 2389 surore
1279 2344 1421 2401 Asico,

78 2422 309 2466 vehementi
328 2422 483 2482 impetu
510 2430 782 2483 grassantem,
820 2426 1038 2470 sublimem
1059 2432 1293 2485 gestantem
1312 2425 1422 2469 mal.-

78 2502 204 2561 leum,
230 2518 368 2563 quem,
390 2520 516 2564 quum
536 2505 660 2563 longo
675 2504 760 2564 jam
779 2506 910 2566 spatio
930 2507 1110 2565 abesset,
1131 2507 1170 2551 in
1188 2508 1421 2565 Hrungne-

78 2598 166 2626 rem
185 2583 373 2642 conjecit.
442 2587 670 2645 Hrungner
689 2586 837 2631 elatam
857 2587 1057 2632 ambabus
1076 2588 1266 2632 manibus
1286 2594 1421 2632 cotem

171 2706 212 2748 a]
238 2708 439 2748 “character
464 2710 614 2751 magicus
639 2712 839 2755 Ilruyners
864 2713 988 2746 hiarta
1013 2714 1158 2754 figuram
1185 2714 1283 2745 habet
1310 2711 1422 2745 cordis

82 2768 256 2799 aculeati'’.
305 2770 414 2802 Pei-ie.
440 2768 692 2814 Runologic'um‚
720 2776 828 2806 Havn.
858 2774 955 2815 2823,
983 2785 1058 2816 pag.
1087 2775 1162 2808 141.

1095 2835 1165 2867 la*
