1811 3256
72 209 118 253 C.
147 205 254 253 5-7.
481 222 776 256 huniuicxrio
806 221 1060 254 aravum.
1357 205 1419 252 47

73 347 284 394 dormiens
319 345 512 403 sudaret,
548 358 706 389 marem
742 341 1023 403 feminamque
1058 343 1136 388 sub
1165 344 1328 389 sinistra
1355 346 1418 390 ala

72 429 163 489 ejus
184 428 453 486 succrevisse,
490 424 724 486 pedemque
745 423 923 467 alterum
943 438 993 467 ex
1013 424 1146 469 altero
1168 425 1296 470 filium
1317 441 1421 485 pro-

72 524 254 554 creasse.
339 508 448 553 Hine
481 512 626 566 gentes
663 509 794 560 ortae,
851 518 1002 565 nempe
1035 505 1420 552 Hrimthursorum.

72 590 259 635 Priscum
294 590 406 634 illum
440 585 755 632 Hrimthursum
789 585 992 629 Ymerem
1027 600 1238 630 vocamus.

173 671 220 717 6.
289 672 420 716 Porro
456 666 737 726 Ganglerius:
773 680 857 726 quo
894 665 986 710 loeo
1021 666 1155 711 Ymer
1188 665 1425 713 habitavit?

74 758 146 797 aut
164 767 249 813 quo
266 749 391 796 modo
410 749 535 794 vitam
555 745 833 792 sustentavit?
881 746 1074 792 Proxime
1094 747 1256 806 accidit,
1294 763 1423 809 quum

75 833 247 878 stillaret
279 830 451 892 pruina,
493 834 541 873 ut
575 827 670 872 inde
705 827 828 873 fieret
862 842 1009 887 vacca,
1054 844 1147 889 quae
1184 828 1422 874 Audhumla

75 920 219 959 vocata
263 919 357 969 est,
403 926 454 955 ex
497 910 615 970 cujus
660 908 850 953 mammis
894 915 1075 970 quatuor
1119 925 1261 955 amnes
1306 910 1426 956 lactei

77 994 283 1051 ssuebant;
311 993 608 1036 haeererem
628 989 855 1035 nutriebat.
908 991 1015 1035 Tum
1030 991 1303 1050 Ganglerius:
1340 1007 1424 1052 quo

75 1090 194 1120 vacca
215 1074 367 1119 nutrita
387 1072 484 1118 est?
519 1072 716 1118 CuiHar:
747 1087 794 1116 ea
812 1071 996 1130 lingebat
1015 1072 1170 1132 lapides
1187 1072 1424 1133 pruinosos,

75 1156 144 1218 qui
172 1155 266 1201 salsi
292 1161 442 1210 erant3
479 1160 605 1214 atque
636 1153 768 1214 primo
799 1152 890 1211 die,
927 1168 1011 1213 quo
1039 1153 1195 1213 lapides
1223 1153 1424 1213 lingebat⁷

74 1235 235 1297 vesperi
269 1251 320 1280 ex
357 1234 493 1295 lapide
525 1235 660 1280 crines
695 1233 884 1294 (capitis)
920 1234 1090 1279 humani
1119 1243 1424 1296 provenerunt,

76 1318 204 1364 altera
232 1316 299 1362 die
325 1322 449 1376 eaput
475 1316 675 1374 hominis3
712 1315 833 1360 tertia
853 1314 919 1359 die
939 1315 1105 1375 integer
1122 1316 1248 1368 homo
1269 1316 1424 1361 extitit:

73 1399 108 1444 is
137 1404 304 1443 vocatus
332 1403 397 1442 est
421 1397 599 1456 Burius‚
638 1397 698 1441 vir
723 1402 895 1457 aspectu
921 1397 1109 1457 pulcher,
1145 1413 1300 1457 magno
1326 1413 1427 1442 cor-

75 1495 206 1542 pore,
241 1479 397 1524 robore
432 1478 588 1523 valens.
657 1479 737 1523 Hic
765 1478 895 1522 filium
931 1478 1100 1538 genuit,
1138 1479 1209 1540 qui
1236 1480 1322 1523 Bor
1346 1494 1426 1540 ap-

76 1561 252 1623 pellatus
298 1566 393 1618 est3
453 1559 522 1604 ille
569 1575 743 1604 uxorem
787 1558 903 1604 duxit
936 1560 1136 1619 Beslam7
1188 1559 1426 1605 Bolthornis

77 1642 253 1703 gigantis
289 1641 447 1686 filiam:
490 1641 532 1685 hi
566 1646 653 1686 tres
688 1641 794 1685 filios
829 1641 937 1685 nacti
973 1648 1101 1700 sunt7
1140 1657 1320 1703 quorum
1355 1641 1428 1686 uni

77 1738 229 1768 nomen
265 1728 355 1767 erat
391 1722 533 1781 Odin,
570 1722 689 1767 alteri
725 1722 888 1781 Vilius,
926 1722 1049 1767 tertio
1084 1723 1232 1781 Veus3
1286 1729 1327 1768 et
1363 1728 1428 1767 est

77 1803 325 1849 existimatio
341 1818 451 1861 mea,
472 1803 583 1848 hunc
600 1803 782 1848 Odinem
802 1803 976 1864 ejusque
996 1803 1144 1848 fratres
1164 1804 1257 1849 coeli
1276 1810 1428 1849 terrae-

77 1900 159 1946 que
178 1883 483 1945 gubernatores
503 1899 611 1929 esse.
674 1885 874 1929 Putamus
894 1899 989 1928 eum
1010 1884 1176 1943 (mundi
1193 1887 1426 1945 rectorem)

77 1965 135 2011 sic
153 1965 382 2026 appellari:
418 1964 477 2010 sic
495 1964 604 2009 enim
623 1964 854 2025 appellatur
871 1965 1019 2025 homo,
1056 1982 1182 2027 quem
1201 1967 1428 2012 maximum

77 2051 121 2091 et
153 2045 474 2091 celeberrimum
508 2045 728 2104 novimus;
775 2045 915 2107 itaque
950 2063 1023 2092 vos
1058 2048 1269 2108 patiamini
1304 2063 1427 2111 aequo

76 2126 236 2186 animo,
274 2141 371 2171 eum
406 2126 465 2171 sie
499 2126 714 2187 appellari.

176 2207 221 2253 7.
280 2208 389 2252 Tum
408 2207 656 2267 Ganglerius
677 2222 689 2253 :
725 2224 807 2270 qua
832 2207 993 2253 ratione
1018 2224 1144 2270 porro
1174 2216 1427 2257 transactum

77 2287 186 2332 inter
203 2303 276 2332 eos
296 2288 508 2348 negotium
537 2288 638 2333 est?
671 2295 744 2334 aut
770 2289 851 2334 utri
879 2290 1136 2350 potentiores
1166 2291 1430 2338 extiterunt?

75 2422 167 2465 Har,
192 2424 238 2457 Η.
264 2442 310 2448 —
335 2423 384 2467 ¹⁵)
410 2423 521 2463 muni,
547 2425 608 2467 W,·
643 2423 705 2457 seu
730 2425 910 2469 sty'randi,
934 2426 982 2459 H.
1007 2445 1051 2450 —-
1082 2424 1126 2469 ¹⁶)
1152 2427 1211 2460 sio
1240 2426 1303 2470 W,·
1336 2427 1428 2472 neq.

77 2485 215 2518 scribit
238 2486 412 2528 styrande.
436 2504 482 2510 —-
509 2483 559 2529 ¹⁷)
585 2485 642 2519 sio
666 2485 781 2529 Κεφ,
806 2486 977 2528 sortasse
1001 2488 1071 2521 hoc
1097 2489 1177 2521 loco
1203 2489 1254 2522 id.
1281 2500 1325 2522 ac
1349 2489 1428 2537 per,

79 2547 173 2591 quod
197 2547 262 2580 dac
282 2547 335 2580 W.
358 2565 405 2571 -—
433 2546 484 2589 ¹⁸)
508 2547 577 2580 lata
603 2547 712 2589 hann,
740 2549 792 2580 W.
817 2567 861 2572 —
892 2547 936 2591 ¹⁹)
962 2560 984 2582 a
1011 2549 1076 2592 [ok
1101 2549 1169 2597 bar
1195 2561 1233 2583 er
1257 2551 1317 2583 sea
1342 2552 1430 2594 eptir

78 2607 197 2651 heran,
223 2618 260 2640 er
280 2607 344 2640 νὲι·
362 2607 468 2641 vitum
490 2608 534 2641 nii
556 2613 686 2642 mestan
709 2620 801 2652 vera,
829 2611 877 2653 U‚·
903 2611 947 2643 ok
968 2609 1037 2657 {mr
1057 2622 1096 2644 er
1116 2612 1157 2645 sei
1177 2612 1269 2655 eptir
1284 2612 1427 2654 mitian,

77 2678 114 2702 er
138 2679 237 2702 menn
261 2669 335 2702 vita
359 2674 489 2703 mestan
515 2681 619 2713 vera,
655 2671 703 2705 H.
740 2690 786 2697 —-
835 2671 887 2715 ²⁰)
912 2673 1120 2717 Inscriptio
1148 2674 1188 2706 in
1215 2675 1265 2717 U,
1300 2673 1426 2706 literis

78 2730 252 2764 miniatis
277 2731 447 2774 scripta.-
495 2731 567 2764 Fra:
591 2731 649 2777 {wi
676 2744 713 2766 ei·
737 2734 837 2777 synir
861 2737 952 2767 Burs
978 2735 1084 2779 ἀνέρι]
1109 2735 1195 2780 juni.
1238 2753 1277 2758 -
1329 2734 1380 2776 21)
1405 2745 1426 2766 a

79 2789 166 2832 [om.
196 2791 233 2823 U.
268 2810 311 2816 —-
351 2792 406 2835 ²²)
433 2795 543 2833 Burs,
581 2794 618 2826 [⁷.
