1811 3256
63 233 113 278 C.
149 200 327 277 55-56.Ι
519 245 764 278 SERMoxsss
790 241 964 276 nmen.
1324 226 1419 272 209

65 370 206 417 hibitis
231 367 468 430 praestigiis.
538 367 680 426 Atque
707 380 758 408 eo
793 377 992 423 vespere,
1047 378 1130 423 quo
1167 365 1420 423 compotatio

66 453 204 509 fieret,
243 449 354 496 Odin
375 449 415 492 in
436 448 571 492 aulam
598 445 756 506 gladios
782 444 939 488 curavit
968 444 1299 502 introferendos,
1336 451 1420 489 tam

66 530 323 594 splendidos,
360 536 408 574 ut
425 530 565 573 lumen
591 526 830 582 redderent,
869 525 1113 585 nullumque
1133 524 1244 569 aliud
1264 526 1421 581 lumen,

67 612 208 676 quoad
226 612 267 656 in
286 609 593 671 compotatione
612 605 846 651 accubitum
866 612 943 665 est,
971 606 1255 651 adhiberetur.
1308 608 1425 651 Tunc

67 696 168 740 Asae
193 693 246 739 ad
270 691 501 737 convivium
530 688 581 733 ab
617 687 676 731 eis
703 692 894 746 paratum
923 694 1213 745 accesserunt,
1257 686 1425 731 duode-

69 777 234 836 cimque
262 774 385 829 Asae,
430 769 500 831 qui
530 767 719 828 judicum
753 784 927 813 munere
955 768 1260 828 fungebantur,
1306 768 1424 813 celsis

71 857 242 903 sedibus
263 870 307 899 se
327 853 603 908 collocarunt,
642 864 819 909 quorum
840 849 928 894 haec
947 857 1043 894 sunt
1062 849 1250 894 nomina:
1296 850 1426 907 Thor,

72 937 282 996 Nj'ordus,
326 936 509 993 Freyus,
552 931 657 991 Tyr,
708 929 994 987 Heimdallus,
1040 931 1240 990 Bragius,
1284 930 1427 989 Vidar,

71 1019 234 1074 Valius,
270 1015 406 1072 Ullus,
442 1014 616 1068 Haener,
652 1011 882 1070 Forsetius,
919 1012 1091 1057 Lokius.
1130 1013 1235 1057 Item
1254 1011 1429 1056 Asides:

72 1099 243 1158 Frigga,
270 1097 423 1155 Freya,
461 1093 661 1149 Geviona,
690 1091 864 1143 Idunna,
902 1093 1056 1151 Gerda,
1085 1094 1257 1153 Siguna,
1293 1093 1428 1150 Fulla,

75 1181 239 1225 Nanna.
292 1176 373 1221 Hic
389 1174 539 1234 AEgeri
558 1174 721 1233 singula
741 1173 793 1218 ad
811 1173 1054 1236 adspectum
1073 1174 1291 1233 magnifica
1311 1173 1432 1217 vide-

76 1260 253 1305 bantur:
290 1271 436 1302 omnes
457 1255 637 1316 parietes
668 1255 894 1316 splendidis
922 1257 1078 1317 clypeis
1098 1261 1217 1305 erant
1236 1254 1430 1313 contecti,

77 1339 315 1402 appositum
333 1337 516 1382 mulsum
537 1335 732 1395 validum,
753 1337 954 1398 largeque
974 1344 1178 1398 potatum.
1214 1336 1432 1381 Proximus

79 1421 228 1482 AEgeri
255 1418 432 1478 Bragius
460 1417 700 1476 adsidebat,
746 1418 815 1479 qui
845 1425 887 1463 et
913 1418 1213 1463 combibebant
1240 1424 1282 1462 et
1307 1416 1434 1462 verba

78 1504 188 1548 inter
213 1517 258 1547 se
287 1498 615 1546 commutabant.
684 1499 860 1559 Bragius
880 1500 1027 1559 AEgeri
1050 1499 1193 1545 multis
1219 1499 1270 1543 de
1289 1498 1434 1557 rebus,

79 1599 174 1646 quae
194 1583 304 1627 inter
322 1582 429 1626 Asas
449 1580 708 1637 acciderant,
744 1580 902 1625 retulit.

149 1663 228 1710 56.
264 1661 559 1707 Narrationem
587 1660 638 1705 ab
660 1661 721 1706 his
747 1662 870 1707 initiis
898 1678 1017 1707 orsus
1045 1668 1123 1706 est.
1193 1663 1297 1706 Tres
1323 1661 1436 1720 Asae,

87 1744 218 1804 Odin,
253 1743 413 1788 Lokius
433 1750 476 1788 et
492 1744 664 1801 Haener,
701 1741 827 1787 domo
855 1744 1043 1803 profecti,
1080 1744 1160 1788 iter
1182 1758 1257 1803 per
1274 1749 1438 1787 montes

86 1834 132 1872 et
151 1826 317 1871 deserta
336 1826 540 1882 fecerunt,
566 1839 716 1883 magna
735 1823 773 1868 in
794 1824 1035 1869 difficultate
1055 1824 1321 1869 cibariorum.
1357 1823 1440 1869 Ubi

88 1924 186 1953 vero
208 1909 249 1952 in
265 1907 414 1951 vallem
435 1904 642 1966 quandam
663 1905 937 1963 devenerunt,
975 1912 1199 1966 conspecto
1217 1905 1346 1949 boum
1367 1921 1442 1949 ar-

88 1995 249 2047 mento,
277 2003 409 2032 unum
427 1986 579 2031 bovem
598 1986 765 2046 capiunt
784 1993 826 2031 et
844 1987 896 2031 ad
915 1987 1145 2031 coctionem
1164 1993 1325 2047 parant.
1360 1985 1442 2031 Ubi

87 2078 231 2116 autem
250 2074 422 2129 putant,
459 2083 604 2112 carnes
625 2069 795 2112 elixatas
816 2084 930 2127 esse,
973 2067 1176 2112 carbones
1198 2066 1442 2126 (rutabulo)

88 2152 336 2209 turbarunt,
374 2148 553 2193 necdum
581 2156 708 2194 coctae
728 2156 870 2208 erant3
909 2156 1034 2211 atque
1060 2150 1212 2194 iterum
1232 2149 1443 2210 aliquanto

89 2231 291 2292 temporis
328 2230 461 2292 spatio
494 2230 736 2290 interjecto,
774 2247 904 2292 quum
932 2230 1134 2276 carbones
1154 2230 1445 2287 removissent,

91 2313 279 2358 nondum
299 2318 419 2356 erant
433 2312 609 2358 elixatae.
646 2314 794 2373 Itaque
814 2313 923 2357 inter
941 2328 986 2357 se
1006 2312 1234 2372 disputant,
1255 2326 1447 2372 quaenam

91 2393 216 2453 hujus
234 2393 296 2438 rei
316 2408 462 2437 caussa
482 2392 548 2437 sit.
619 2394 727 2438 Tum
748 2393 923 2438 audiunt
942 2409 1085 2438 vocem
1104 2409 1229 2454 supra
1249 2408 1294 2437 se
1313 2392 1352 2435 in
1374 2407 1448 2434 ar-

96 2474 218 2538 bore,
256 2474 322 2518 cui
342 2474 413 2535 qui
432 2473 652 2533 insidebat,
674 2475 775 2520 dixit
794 2492 869 2536 per
888 2492 932 2520 se
953 2482 1079 2533 stare,
1109 2474 1332 2535 quominus
1353 2488 1450 2516 car-

97 2570 172 2599 nes
201 2555 284 2614 igni
316 2555 521 2616 impositae
549 2563 926 2617 percoquerentur.
1005 2555 1267 2616 Suspiciunt,
1311 2554 1452 2598 vident

107 2700 158 2744 ¹⁴)
185 2702 228 2734 ab
253 2703 347 2742 hafz,
382 2706 434 2738 W.
459 2722 505 2727 -—
534 2702 577 2746 ¹⁵)
604 2704 685 2736 hofz
710 2703 779 2751 bd,
808 2706 859 2737 W.
884 2722 929 2728 —-
959 2704 1010 2743 ¹⁶]
1038 2703 1144 2743 vista,
1176 2702 1231 2734 W.
1257 2721 1302 2724 —
1332 2700 1380 2743 ¹⁷)
1408 2700 1451 2730 ok

102 2761 156 2794 εἰεί
183 2765 318 2805 oman„
344 2765 429 2796 taka
455 2766 535 2806 ᾦα,
568 2764 631 2807 W,-
668 2777 781 2808 yxna,
807 2766 853 2800 H.
880 2784 924 2789 —
954 2765 1005 2808 ¹⁸)
1032 2764 1079 2812 ῥά
1104 2765 1205 2797 ravfa
1229 2761 1266 2807 Ι).
1299 2774 1351 2801 S„
1383 2762 1451 2801 1125

102 2823 210 2865 rjtifa,
234 2823 300 2866 id„
325 2823 374 2857 Η.
398 2843 444 2849 -
473 2825 625 2868 19)Ιῖ69.
651 2827 786 2860 scribit
810 2826 932 2873 εϋῘὶίκς
959 2826 1048 2859 rivfa
1073 2825 1241 2868 saeybffln,
1276 2822 1327 2855 W.

1155 2882 1194 2914 Η
