1811 3256
111 223 158 268 C.
197 218 274 267 64.
510 237 570 269 m:
595 237 815 270 mc'mom:
840 237 1050 270 ΡοΕΤιοΑ.
1361 222 1456 270 519

105 356 282 420 Jiifur,
320 360 520 420 septimus
564 356 735 419 szyi,
774 365 941 403 octavus
977 355 1133 419 Skylz·
1165 359 1248 404 sive
1285 356 1453 420 Skuli,

105 456 237 485 nonus
258 438 430 485 Harrz'
457 440 539 484 sive
559 437 754 485 Hert-a.
827 440 910 494 Qui
937 455 1083 484 novem
1111 441 1258 485 fratres
1291 441 1394 487 adeo
1415 443 1454 488 in

105 521 273 582 piratica
295 521 591 576 inclaruerunt,
626 527 672 564 ut
690 527 833 580 postea
853 536 997 564 eorum
1018 521 1183 566 nomina
1203 521 1242 565 in
1261 523 1452 568 omnibus

105 602 353 646 carminibus
373 618 447 663 pro
468 601 705 646 nominibus
726 601 930 660 dignitatis
952 601 1091 646 habita
1109 602 1205 661 sint,
1226 603 1350 648 veluti
1370 620 1453 648 no·-

103 683 213 727 mina
231 698 379 742 regum
406 689 476 726 aut
495 682 659 726 nomina
688 682 967 743 dynastarum.
1038 682 1168 727 Iidem
1188 684 1322 729 nullos
1342 685 1453 730 libe-

103 779 172 807 ros
193 770 480 823 procrearunt,
518 778 745 824 omnesque
765 764 918 824 proeliis
938 763 1190 809 ceciderunt.

104 843 171 888 Sic
192 845 316 889 Ottar
333 844 471 903 niger:

232 934 345 991 Rex,
382 940 524 977 tenera
554 932 640 992 jam
676 939 794 977 aetate
831 940 992 978 mature

234 1013 501 1071 adolescens,
539 1014 693 1074 proeliis
730 1021 820 1059 erat
855 1015 1033 1059 deditus.

234 1096 346 1153 Oro,
382 1101 429 1138 ut
464 1094 552 1153 ejus
588 1095 666 1139 vita
704 1101 905 1139 servetur.
974 1097 1099 1139 Hunc

233 1190 314 1234 ego
350 1176 434 1219 veri
469 1175 645 1219 nominis
682 1175 908 1235 principem
945 1176 1148 1221 existimo.

100 1279 167 1324 Sic
191 1280 356 1323 Marcus
386 1278 556 1322 cecinit:

228 1362 318 1405 Rex
354 1359 464 1417 fecit,
500 1366 549 1403 ut
582 1359 643 1403 sol
678 1358 810 1405 Rheni
848 1359 1112 1419 splendorem
1150 1376 1200 1405 ex

231 1447 375 1485 aurato
413 1442 544 1501 capite
580 1440 619 1483 in
656 1447 819 1485 montes
855 1441 1036 1486 marinos
1072 1442 1270 1486 mitteret.

99 1544 167 1589 Sic
193 1545 287 1604 Egil
315 1544 481 1589 cecinit:

226 1628 316 1671 Rex
351 1642 500 1687 rupes,
539 1625 675 1683 (auri)
712 1632 867 1670 terram

228 1708 558 1767 praecingentes,
594 1707 743 1766 raptim
780 1707 925 1751 erexit.

97 1811 164 1856 Sic
193 1810 403 1871 Eyrindus
432 1810 597 1855 cecinit:

228 1891 380 1935 Hilaris
416 1891 484 1935 ille
519 1906 616 1949 rex,
653 1907 781 1951 quum

231 1979 384 2016 terram
421 1971 688 2030 defenderet,

227 2053 324 2097 lusit
359 2068 452 2096 cum
488 2053 627 2113 populi
662 2054 794 2112 gnatis

227 2149 352 2177 aurea
389 2140 500 2178 stans
537 2133 613 2178 sub
640 2135 783 2193 galea.

96 2238 164 2283 Sic
194 2239 368 2283 Glumus
395 2238 564 2282 cecinit:

227 2322 337 2378 Rex,
376 2323 510 2363 tectu's
546 2319 688 2378 galea,
726 2321 828 2366 cotis

222 2399 327 2444 viam
364 2399 566 2445 rubefecit
601 2400 641 2443 in
679 2402 848 2447 Gothis:

95 2570 165 2598 scr.
191 2565 230 2599 4.
262 2583 307 2589 --
347 2565 398 2608 ¹²)
426 2576 446 2597 a
472 2564 635 2607 [Hilmir‚
668 2575 738 2596 sem
772 2567 826 2600 Gl.
860 2578 925 2610 qv.‚
960 2569 1121 2602 Wclzart.
1146 2589 1190 2594 —
1213 2570 1300 2603 vide
1325 2580 1441 2612 cupra

94 2637 179 2669 paq..
204 2626 298 2659 452.
324 2645 367 2649 —
404 2626 449 2667 13)
478 2637 498 2657 a
524 2625 600 2667 [sic
632 2626 670 2666 U,
704 2628 886 2670 Vl'chart.;
914 2629 1070 2670 agnatum,
1095 2631 1208 2674 Re9.;
1245 2632 1266 2664 a
1300 2632 1440 2672 beinum,

95 2686 135 2718 in
161 2687 322 2722 ossibus.
350 2687 421 2730 Ηβ.
471 2687 620 2729 Fraffln.
657 2689 733 2720 757
767 2690 824 2723 sic
848 2691 974 2723 habel:
1017 2691 1138 2723 Hilmir
1172 2692 1253 2725 raub
1278 2694 1289 2725 i
1316 2693 1442 2732 hjailma

95 2747 236 2789 hreggfi
271 2749 475 2791 skJelki'ngs
509 2751 650 2789 eggiar,
691 2751 752 2794 qni
790 2762 927 2786 versus
960 2759 1049 2786 sunt
1082 2764 1129 2786 ea:
1161 2754 1386 2797 Orkncyi'nga
1412 2766 1440 2784 s.

98 2808 184 2850 Cap.
211 2810 249 2841 5.
277 2815 347 2842 ser.
372 2811 422 2850 2.,
449 2815 601 2843 auclore
626 2811 784 2845 Arnore.
