1811 3256
98 196 146 241 C·
182 192 260 241 46-
453 210 753 246 ωοιΕῐοΑΤῐο
780 211 1037 242 GthlANA.
1360 195 1450 242 153

97 349 265 379 scamno
299 333 454 378 multos
490 331 678 376 homines
714 331 993 391 conspiciunt,
1047 325 1226 391 quorum
1263 334 1450 394 plerique

96 422 214 460 erant
249 415 408 459 enormi
436 415 621 474 corporis
646 410 947 471 magnitudine.
1032 413 1130 456 Mox
1168 413 1371 457 accedunt
1399 413 1451 457 ad

94 512 263 555 regem,
299 495 480 540 Lokium
516 493 847 553 Utgardensem,
893 508 1073 554 eumque
1110 495 1305 538 salutant.
1375 495 1450 538 lllc

95 583 338 622 cunctanter
355 575 407 620 ad
426 591 499 620 eos
519 573 715 634 respexit,
743 572 992 634 nudatisque
1013 574 1208 620 dentibus
1229 574 1451 619 subridens

96 658 218 703 dixit:
241 657 467 718 [prolixum
481 661 558 714 est,
579 654 631 698 de
643 655 799 699 eventis
819 655 1034 717 longinqui
1047 656 1204 701 itineris
1217 667 1452 717 quaerere23

95 755 147 784 an
164 754 233 783 res
252 739 370 782 aliter
387 753 432 782 se
453 736 592 794 habet,
613 752 737 796 quam
757 736 918 796 opinor,
944 737 1161 797 pusionem
1180 738 1340 782 huncce
1360 753 1453 781 csse

97 812 447 866 Oku-Thorem'?
490 818 548 861 At
566 816 768 875 majorem
788 823 829 861 te
850 817 996 877 virum,
1035 835 1158 879 quam
1179 819 1316 879 specie
1337 834 1453 879 prae—

95 902 195 960 fers,
232 898 464 960 praestabis,
502 898 665 957 opinor.
737 898 957 955 Quaenam,
995 915 1156 960 quaeso,
1193 906 1302 944 artes
1340 906 1450 957 sunt,

94 983 135 1027 in
162 980 312 1043 quibus
344 986 390 1023 tu
414 978 598 1039 sociique
626 979 683 1023 tui
711 980 860 1023 versati
881 979 996 1024 vobis
1025 980 1248 1025 videmini?
1316 983 1453 1025 Nemo

96 1064 162 1108 hic
180 1061 291 1123 apud
310 1075 384 1104 nos
405 1059 664 1118 versabitur,
702 1061 770 1121 qui
790 1077 872 1105 non
893 1062 1072 1123 aliquam
1091 1069 1225 1106 artem
1245 1069 1316 1106 aut
1334 1062 1453 1122 peri-

94 1145 193 1189 tiam
228 1158 313 1203 prae
349 1141 536 1201 plurimis
574 1141 811 1187 hominibus
848 1144 1006 1187 calleat.
1075 1143 1254 1203 Excepit
1287 1143 1345 1201 is,
1383 1143 1454 1204 qui

94 1231 332 1286 postremus
352 1222 453 1281 ibat,
492 1222 739 1283 quiLokius
761 1230 952 1268 vocatur:
989 1224 1120 1269 calleo
1149 1232 1298 1284 artem,
1335 1224 1453 1284 cujus

96 1305 308 1367 specimen
334 1303 461 1348 edere
487 1304 771 1364 paratissimus
800 1321 915 1364 sum,
954 1322 1077 1350 nemo
1113 1306 1321 1351 hic'intus
1359 1306 1452 1364 crit,

94 1387 167 1448 qui
193 1385 333 1431 cibum
362 1401 483 1429 suum
512 1385 630 1429 citius
657 1401 782 1446 quam
809 1402 890 1446 ego
918 1387 1140 1433 comedere
1161 1394 1303 1449 queat.
1377 1387 1451 1432 Cui

92 1467 251 1513 Lokius
270 1465 569 1526 Utgardensis:
606 1467 685 1511 hoc
713 1467 747 1511 si
766 1468 1025 1527 praestiteris,
1062 1469 1102 1512 in
1120 1469 1278 1514 artibus
1298 1484 1453 1513 nume-

94 1548 273 1594 randum
300 1554 379 1606 est,
416 1563 545 1608 quare
573 1547 696 1606 hujus
723 1549 821 1593 artis
848 1550 1079 1610 periculum
1109 1558 1174 1595 est
1203 1551 1451 1595 faciendum.

95 1631 194 1674 Mox
213 1630 444 1674 inclamavit
463 1644 649 1674 sessores
670 1631 825 1674 scamni
846 1631 1080 1689 exterioris,
1120 1639 1164 1676 ut
1192 1632 1240 1691 is,
1279 1632 1342 1676 cui
1361 1635 1453 1677 Lo-

96 1711 164 1771 gio
185 1725 337 1754 nomen
357 1717 482 1769 esset,
520 1711 559 1754 in
581 1711 862 1770 pavimentum
880 1712 1130 1772 procederet
1150 1720 1191 1758 et
1210 1729 1302 1757 cum
1318 1713 1453 1757 Lokio

96 1798 308 1836 certamen
329 1791 605 1851 experiretur.
677 1794 784 1836 Tum
805 1799 965 1837 sumtus
987 1800 1050 1837 est
1069 1794 1206 1852 linter,
1245 1801 1286 1838 et
1311 1794 1350 1837 in
1371 1809 1453 1854 pa-

97 1873 322 1917 vimentum
351 1873 454 1916 aulae
479 1873 655 1930 inlatus,
700 1873 978 1935 carnibusque
1006 1877 1214 1935 repletus,
1259 1875 1311 1919 ad
1337 1875 1453 1935 cujus

96 1955 272 1999 alteram
292 1953 598 1998 extremitatem
616 1954 787 2012 Lokius,
809 1955 861 1999 ad
880 1956 1050 2000 alteram
1064 1956 1223 2016 Logius
1243 1956 1454 2001 consede-

95 2042 209 2093 runt,
246 2051 426 2096 quorum
444 2041 623 2096 uterque
653 2051 778 2096 quam
798 2036 993 2081 citissime
1013 2037 1152 2082 cibum
1178 2038 1374 2097 comedit,
1412 2044 1456 2082 et

96 2117 137 2161 in
154 2116 293 2162 medio
312 2117 433 2160 lintre
453 2131 497 2160 se
518 2124 806 2161 occurrerunt.
845 2118 952 2162 Tum
968 2118 1126 2164 Lokius
1145 2135 1240 2164 ossa
1260 2118 1454 2163 carnibus

97 2198 261 2259 penitus
298 2196 551 2257 nudaverat,
604 2199 763 2258 Logius
800 2206 940 2244 autem
976 2216 1121 2245 carnes
1156 2216 1324 2262 unaque
1360 2216 1456 2245 ossa

96 2285 224 2339 atque
243 2277 410 2322 lintrem
429 2286 732 2324 consumserat.
756 2282 894 2334 Quam
915 2280 969 2326 ob
990 2298 1079 2326 rem
1091 2282 1248 2327 Lokius
1268 2282 1456 2326 omnium

93 2359 249 2419 judicio
269 2360 378 2403 hunc
398 2360 541 2404 ludum
564 2361 793 2421 perdidisse
815 2363 1071 2408 existimatus
1093 2371 1170 2408 est.
1228 2366 1358 2408 Porro
1385 2364 1457 2408 in-

98 2446 285 2500 terrogat
301 2441 458 2486 Lokius
479 2442 768 2501 Utgardensis,
789 2459 915 2504 quem
935 2444 1078 2489 ludum
1093 2445 1257 2504 juvenis
1277 2445 1345 2489 ille
1365 2446 1456 2489 cal-

99 2521 218 2566 leat?
288 2523 321 2566 T
325 2522 497 2581 hjalvius
523 2524 746 2583 profitetur
774 2540 818 2569 se
843 2531 1101 2571 tentaturum
1128 2526 1352 2570 decurrere
1373 2527 1455 2570 ali-

101 2609 204 2662 quot
237 2603 368 2647 stadia
404 2619 498 2648 cum
533 2606 671 2666 aliquo
700 2605 752 2650 ab
777 2607 910 2651 Lokio
930 2607 1182 2666 Utgardensi
1218 2608 1454 2667 designato.

102 2683 256 2727 Lokius
277 2685 550 2743 Utgardensis
571 2687 676 2731 hanc
702 2688 892 2731 eximiam
913 2704 1005 2732 esse
1026 2695 1157 2732 artem
1179 2688 1451 2744 demonstrat,

108 2759 1451 2773 Ἣ

211 2797 250 2840 a)
275 2799 346 2831 vel:
378 2811 465 2833 sero
490 2812 560 2844 per
586 2804 734 2846 lonyam
759 2805 860 2838 viam
885 2815 976 2838 vera
1002 2805 1135 2837 audire
1161 2804 1354 2846 concinqie.
