1811 3256
94 206 142 250 c,
178 201 256 248 42,
474 201 776 235 Lunwch'rio
803 198 1057 231 Grnvmm.
1355 199 1445 246 137

94 349 258 404 portam
295 341 399 387 arcis
429 342 679 403 perductum
703 339 792 385 fuit.
869 339 978 382 Tum
1005 337 1073 382 Dii
1098 337 1139 380 in
1166 336 1444 382 tribunalibus

94 425 179 469 suis
199 422 494 483 consederunt,
531 424 700 469 consilia
719 417 1122 480 circumspiciebant,
1160 433 1354 478 unusque
1378 419 1445 462 al-

92 511 232 549 terum
251 503 581 564 interrogabant,
613 505 704 565 quis
731 502 821 561 ejus
851 499 1010 545 consilii
1029 504 1176 543 auctor
1203 497 1364 555 fuisset,
1400 504 1449 542 ut

92 586 227 645 Freya
247 585 286 629 in
305 585 598 630 Jotunheimos
618 591 794 645 nuptum
813 581 1007 640 daretur,
1046 584 1203 640 aerque
1218 584 1275 622 *et
1293 578 1446 622 coelum

93 673 452 726 corrumperetur,
491 666 665 710 exemtis
701 663 795 708 inde
817 663 915 708 Sole
944 669 986 707 et
1010 662 1154 719 Luna,
1192 666 1235 704 et
1259 659 1299 702 in
1318 664 1447 719 pote-

94 753 246 791 statem
283 747 497 806 gigantum
521 746 696 791 traditis.
778 744 982 790 Convenit
1013 743 1120 787 inter
1146 756 1315 800 omnes,
1370 739 1450 784 hoc

94 828 311 871 consilium
343 826 506 872 dedisse
526 843 649 886 eum,
687 828 758 888 qui
783 826 1058 887 plurimorum
1075 823 1283 868 malorum
1302 827 1449 865 auctor

94 915 184 967 est,
220 909 398 953 Lokium
426 911 605 969 Loveyae
634 909 788 968 filium,
826 923 953 968 quem
982 906 1090 951 soeda
1118 910 1254 949 morte
1275 902 1449 962 dignum

88 990 349 1049 judicarunt,
395 990 472 1034 nisi
503 991 718 1034 consilium
738 989 1036 1049 excogitasset,
1080 1002 1164 1048 quo
1192 984 1312 1029 saber
1330 999 1449 1028 mer-

95 1071 198 1115 cede
227 1071 450 1115 excideret.
526 1073 672 1132 Itaque
703 1071 1018 1131 aggressionem
1046 1069 1086 1112 in
1113 1067 1295 1111 Lokium
1331 1066 1450 1109 sece-

94 1159 206 1196 runt.
277 1152 376 1211 Qui,
414 1160 529 1197 metu
548 1154 780 1213 perculsus,
812 1152 882 1212 jus
896 1150 1123 1212 jurandum
1143 1149 1260 1207 dixit,
1280 1164 1324 1192 se
1343 1161 1450 1204 rem,

95 1233 309 1294 quantavis
329 1234 540 1293 mercede,
577 1234 631 1279 ita
653 1234 955 1291 instituturum,
991 1239 1038 1276 ut
1058 1230 1175 1276 saber
1194 1235 1313 1291 pacta
1332 1243 1451 1272 mer-

95 1314 198 1359 cede
218 1314 443 1359 excideret.
514 1316 655 1376 Atque
677 1314 824 1359 eadem
843 1329 1033 1375 vespera,
1071 1328 1153 1374 qua
1173 1311 1316 1370 saber,
1354 1324 1452 1354 saxa

95 1396 365 1456 advecturus,
403 1412 558 1457 equum
586 1396 877 1441 Svadilsorium
910 1397 1028 1441 traha
1063 1395 1256 1454 junctum
1282 1390 1451 1451 agebat,

96 1493 204 1539 equa
230 1478 422 1539 quaedam
451 1477 640 1522 alicunde
671 1493 721 1522 ex
751 1478 896 1539 sylva&
929 1477 1150 1538 prosiliens
1188 1473 1366 1519 accurrit
1401 1470 1453 1515 ad

97 1575 254 1621 equum
273 1565 316 1604 et
340 1559 555 1604 adhinniit.
625 1561 682 1605 Ut
700 1575 799 1604 vero
820 1558 1114 1603 animadvertit
1133 1572 1290 1617 equus,
1329 1553 1452 1615 quale

97 1656 232 1700 genus
252 1656 457 1702 equorum
473 1641 552 1685 hoc
571 1647 698 1700 essct,
726 1642 866 1686 surore
884 1648 1046 1702 raptus,
1073 1637 1248 1698 diruptis
1268 1634 1452 1693 funibus,

97 1721 149 1765 ad
171 1737 321 1783 equam
341 1723 537 1781 cucurrit,
566 1722 635 1766 illa
653 1738 752 1766 vero
772 1723 811 1767 in
832 1724 986 1783 sylvam
1006 1720 1177 1779 refugit,
1206 1718 1454 1777 insequente

98 1802 242 1862 fabro,
281 1803 351 1864 qui
380 1819 535 1864 equum
572 1804 929 1863 comprehendere
956 1803 1100 1848 voluit.
1178 1802 1284 1845 Cum
1313 1804 1455 1842 autem

98 1899 233 1945 equus
254 1899 447 1945 equaque
466 1890 597 1929 totam
617 1892 782 1929 noctem
803 1901 973 1930 currere
992 1887 1233 1944 pergerent,
1263 1895 1312 1924 ea
1332 1884 1455 1923 nocte

99 1964 313 2009 fabricatio
343 1964 503 2009 tardata
534 1972 612 2024 est,
650 1981 788 2027 neque
814 1965 1049 2027 insequenti
1079 1964 1143 2008 die
1163 1968 1325 2007 tantum
1345 1974 1455 2020 ope-

97 2045 170 2104 ris,
208 2052 412 2106 quantum
441 2052 585 2105 antea,
623 2046 781 2091 absolvi
808 2048 958 2107 potuit.
1025 2044 1165 2091 Faber
1185 2050 1347 2102 autem,
1384 2041 1456 2084 in—

97 2127 290 2186 telligens
310 2143 415 2188 opus
443 2126 601 2172 absolvi
621 2143 704 2172 non
730 2144 873 2189 posse,
911 2129 1096 2173 furorem
1124 2127 1367 2186 giganteum
1384 2122 1457 2166 in-

99 2207 203 2253 duit.
271 2209 330 2253 At
345 2209 467 2268 Asae,
505 2224 599 2253 cum
626 2226 702 2270 pro
724 2216 838 2255 certo
865 2209 1195 2270 comperissent,
1233 2205 1381 2250 adesse
1400 2202 1458 2246 ihi

99 2289 310 2349 gigantem
328 2296 597 2350 montanum,
631 2290 878 2350 juramentis
898 2308 982 2336 non
1010 2292 1313 2352 perpercerunt
1332 2291 1458 2346 atque

100 2370 284 2414 Thorem
309 2371 577 2431 invocarunt,
622 2372 692 2433 qui
727 2372 877 2417 eodem
907 2372 1106 2433 temporis
1132 2373 1348 2415 momento
1378 2365 1459 2410 ad-

101 2450 193 2510 fuit,
229 2467 412 2512 moxque
433 2452 583 2498 librato
602 2453 641 2497 in
663 2453 841 2498 sublime
861 2454 1011 2498 malleo
1030 2453 1252 2514 Mjolnere,
1288 2462 1458 2493 merce-

1098 2582 1121 2591 x

211 2611 252 2655 ὃ)
279 2623 318 2645 or
343 2613 522 2655 skoginvm
548 2615 774 2660 nokqvorvm]
811 2616 869 2650 sic
901 2616 1163 2660 explicandam
1193 2615 1327 2659 putavi
1364 2614 1460 2646 hanc

102 2671 289 2716 phrasin,-
326 2674 407 2708 nisi
432 2675 535 2717 forte
566 2677 678 2711 vialis
712 2678 918 2711 subaudire
943 2678 1098 2718 sinnvm,
1135 2678 1162 2711 i.
1188 2688 1218 2711 e.
1245 2675 1458 2718 aliquoties.

105 2732 277 2767 Similem
302 2735 527 2771 locutionem
558 2738 620 2772 illi
651 2739 814 2772 nondum
839 2740 980 2783 reperi.
1039 2739 1137 2771 Nota
1172 2742 1263 2772 sum
1292 2736 1460 2774 nakkvai·‚

108 2795 279 2834 nol-devm,
304 2796 454 2839 alicubi,
482 2804 517 2832 ec
540 2801 688 2843 nokkur,
714 2801 852 2844 aliquo,
877 2807 918 2834 ut
941 2801 1128 2834 adverbia.
