1811 3256
78 226 126 271 C·
163 220 337 270 53-54-
493 240 553 273 nr,
580 239 798 273 momoxf,
824 238 1041 272 pomum.
1343 218 1440 268 465

76 364 132 407 Et
160 361 269 407 idem
296 377 421 423 porro
449 361 617 405 cecinit:

340 440 480 486 Deus!
518 441 669 486 eximio
706 440 846 500 nepoti
881 438 1063 500 potentis

339 522 645 568 Torv-Einaris
681 521 933 566 calamitates
969 517 1172 584 defende!

341 606 516 663 Precor,
553 609 599 647 ut
635 601 852 647 excellenti
888 601 1061 661 principi

343 685 540 729 salutaria
578 683 722 728 solatia
759 683 1013 742 contingant.

76 762 290 808 Praeterea
318 765 466 810 cecinit
493 765 623 809 Einar
651 764 933 823 lancicrepus:

341 846 545 890 Liberalis
582 845 650 889 ille
684 859 834 905 pugnae
870 844 1103 888 concitator

342 926 455 971 haud
491 932 577 985 est,
615 926 785 986 opinor,
823 925 1045 986 progenies

346 1007 508 1051 familiae
544 1006 800 1051 Hilditanni:
838 1005 955 1064 cujus
991 1005 1154 1050 familiae

342 1086 602 1132 celebrandae
639 1087 822 1131 officium
858 1086 956 1130 mihi
991 1085 1206 1131 incumbit.

344 1227 815 1272 APPELLATIONES
861 1225 1201 1271 SIMPLICES„

148 1324 227 1373 54.
298 1327 443 1382 Qualis
472 1334 535 1372 est
555 1327 735 1371 elocutio
762 1326 925 1387 poetica
955 1324 1361 1386 simplex2-aSic,
1397 1329 1445 1369 ut

83 1423 160 1453 suo
180 1423 357 1470 quaeque
376 1408 542 1453 nomine
561 1423 629 1453 res
649 1408 895 1468 appelletur.

218 1490 421 1543 Quaenam
449 1495 547 1534 sunt
571 1489 871 1550 appellationes
903 1488 1109 1549 simplices
1130 1486 1345 1549 poeseos?
1380 1488 1443 1532 Ea

84 1571 317 1631 appellatur
347 1570 510 1630 brayr
538 1577 581 1615 et
608 1568 787 1631 ἢνόδν,
828 1567 933 1629 dor,
970 1568 1170 1629 ηιτθνόι·7
1210 1568 1302 1629 Iof.
1358 1569 1443 1613 Se-

85 1652 255 1712 quentia
273 1652 691 1712 composuitBragius
712 1652 894 1712 priscus3
916 1651 985 1711 qui
1005 1665 1132 1711 quum
1155 1665 1249 1694 sero
1270 1663 1444 1709 vespere

82 1747 160 1793 per
178 1732 324 1776 siluam
345 1732 552 1793 quandam
572 1747 696 1776 curru
716 1732 962 1789 veheretur7
1000 1730 1136 1791 aliqua
1155 1730 1307 1774 semina
1327 1729 1444 1789 gigas

85 1828 183 1857 eum
202 1812 382 1857 carmine
401 1813 668 1872 compellans,
691 1812 891 1872 quaesivit,
906 1811 996 1873 quis
1011 1827 1060 1856 eo
1074 1811 1256 1856 locoiter
1268 1812 1444 1856 faceret:

347 1894 567 1953 Gigantem
602 1908 670 1937 me
705 1900 878 1951 vocant,

345 1974 485 2018 lunam
521 1973 619 2017 aedis
655 1973 962 2033 Rungnerianae

85 2076 228 2110 inserit
261 2075 399 2119 (Rasle.
431 2085 468 2117 p.
495 2074 742 2117 271—353)‚
780 2074 914 2107 deinde
945 2085 1079 2108 novem
1110 2074 1208 2116 folia
1247 2076 1446 2108 chartacea

86 2138 208 2172 codici
231 2138 354 2178 infixa
379 2140 479 2174 sunt,
505 2134 546 2167 in
574 2135 705 2177 quibus
731 2146 841 2168 manu
866 2136 1055 2169 Svenonis
1080 2136 1193 2169 Jonae
1219 2136 1310 2178 (cfr.
1337 2146 1443 2179 supr.

84 2210 122 2243 p.
145 2199 236 2239 313,
270 2202 346 2230 not.
373 2196 440 2238 13)
478 2190 645 2239 scriptoe*
664 2202 754 2229 sunt
775 2198 992 2240 particulae,
1027 2209 1106 2240 quoe
1132 2198 1310 2230 dicuntur
1336 2198 1445 2230 okend

84 2260 180 2301 heiti,
206 2260 357 2298 forniifn‚
384 2263 420 2290 et
442 2257 696 2300 bragarhaettir,
722 2268 837 2300 usque
854 2260 901 2291 acl
920 2260 1058 2292 verba.-
1083 2270 1123 2290 en
1146 2259 1280 2290 fetlana
1301 2260 1344 2291 ok
1365 2269 1446 2291 um-

85 2322 187 2364 gioro
213 2321 333 2363 (hams
360 2319 480 2362 hans),
507 2329 542 2351 v.
571 2319 813 2360 Bragailiaettir
836 2327 923 2363 post
948 2322 1142 2364 stropham
1170 2320 1225 2361 6.,
1251 2321 1303 2352 ed.
1328 2319 1444 2353 Rask.

85 2394 123 2426 p.
147 2382 247 2416 230.
272 2400 317 2404 —
352 2381 441 2414 Hoec
476 2386 639 2423 tempore
676 2381 732 2413 Ol.
761 2383 916 2415 Wormii
949 2383 1143 2425 adscripta
1177 2386 1267 2414 sunl
1313 2381 1446 2423 codici,

76 2444 162 2485 jam
189 2449 263 2476 tum
290 2443 433 2484 aliquot
456 2440 568 2482 foliis
593 2451 735 2475 manco·
798 2443 917 2477 Tituli
935 2445 1142 2488 speciales,
1175 2452 1266 2484 quos
1293 2442 1445 2475 exscri-

84 2511 176 2549 ptor
187 2503 392 2548 particulis
408 2508 443 2535 et
459 2502 690 2536 sectionibus
707 2506 914 2546 praemittit,
942 2506 1058 2538 latine
1081 2504 1231 2545 scripti,
1258 2513 1307 2535 ex
1326 2508 1446 2535 meme

89 2567 214 2609 ipsius
241 2564 438 2607 compositi
465 2573 547 2596 esse
572 2563 772 2607 videntur,
811 2572 847 2599 et
879 2567 933 2599 ila
960 2567 1020 2600 hic
1055 2566 1204 2598 titulum
1228 2564 1446 2606 praemittit.-

87 2628 154 2671 “de
178 2626 381 2671 synonymis
408 2624 660 2667 simplicibus”.
685 2646 728 2650 —
765 2627 799 2671 ⁸)
825 2629 934 2671 kend,
971 2630 1016 2668 U,
1050 2628 1096 2662 H.
1132 2646 1177 2650 —
1207 2625 1241 2669 ⁹)
1270 2627 1371 2665 narn,
1406 2627 1450 2657 W

92 2689 224 2731 chart„
251 2688 345 2721 748.
371 2708 416 2713 —
446 2687 495 2732 ¹⁰)
523 2699 591 2721 om.
625 2690 671 2731 U,
696 2689 743 2722 H.
768 2710 811 2712 —
843 2690 893 2733 ¹¹)
921 2689 1041 2730 macro,
1073 2689 1257 2725 VVclwrl„
1286 2688 1324 2726 U,
1353 2686 1445 2718 748.

89 2750 138 2783 H.
162 2769 208 2773 —
235 2748 284 2792 ¹2)
311 2751 355 2782 ok
381 2750 488 2794 leyfb,
514 2750 597 2784 add.
626 2751 665 2784 U.
690 2770 734 2775 —
762 2751 811 2794 ¹³]
839 2751 963 2794 a[om.
990 2751 1082 2784 748.
1109 2768 1153 2773 -
1184 2749 1230 2792 ¹⁴)
1258 2749 1323 2787 for,
1350 2746 1444 2778 748.

87 2829 132 2835 -—
165 2810 211 2854 ¹⁵)
238 2812 395 2854 stemndi,
421 2812 478 2854 H,-
505 2811 594 2845 alii.-
620 2811 764 2845 stiftaoi.

1142 2871 1187 2902 30
