1811 3256
73 209 118 253 C.
157 205 234 251 43.
484 216 543 248 DE
569 214 789 248 uicrloxss
816 210 1027 244 POETICA.
1332 190 1421 235 381

333 348 381 387 ut
415 339 567 385 familia
599 335 741 382 Frodii

334 425 534 485 pleraque
571 417 916 464 obdormisceret.

335 507 453 550 Tunc
488 502 530 547 id
565 498 714 546 cecinit
746 495 904 553 Meuia,

336 590 508 631 venerat
542 581 595 627 ad
629 578 890 625 molituram:

338 697 383 744 5.
453 694 625 741 Divitias
660 690 865 736 molamus
899 685 1076 732 Frodio!

338 779 542 823 molamus
577 773 723 834 (eum)
758 770 1006 832 perbeatum

338 856 603 921 multitudine
639 853 827 915 pecuniae

341 942 381 986 in
417 938 580 984 laetifica
615 935 782 980 molina.

341 1020 520 1067 Incubet
554 1017 719 1075 divitiis,

342 1102 566 1148 indormiat
600 1098 777 1159 plumis,

342 1184 484 1244 vigilet
519 1196 613 1226 cum
649 1174 886 1238 voluptate!

343 1267 452 1311 Tum
487 1263 597 1308 hene
634 1260 825 1304 molitum
862 1256 998 1302 fuerit.

347 1378 393 1425 6.
463 1376 543 1421 Hic
577 1389 701 1419 nemo

346 1458 464 1505 alteri
501 1462 672 1513 noceto,

346 1556 431 1586 neu
464 1553 616 1584 noxam
652 1536 816 1592 struito,

348 1638 432 1666 neu
468 1618 626 1666 caedem
660 1616 851 1673 molitor7

349 1718 435 1747 neu
470 1701 593 1747 serito
630 1714 679 1744 ea
714 1703 887 1759 propter

351 1789 473 1829 acuto
509 1780 674 1841 gladio⁷

352 1864 431 1909 etsi
466 1862 603 1907 fratris
638 1873 933 1922 percussorem

352 1946 534 1990 vinctum
570 1941 808 1987 offenderit.

355 2058 400 2103 7.
470 2057 528 2101 At
561 2055 627 2099 ille
663 2069 746 2098 non
783 2052 911 2097 edidit

356 2154 503 2184 vocem
537 2137 613 2181 hac
647 2136 851 2196 priorem:

355 2236 410 2265 ne
447 2234 520 2264 vos
557 2204 782 2261 dormitote

355 2303 449 2363 plus
486 2314 611 2361 quam
646 2297 780 2342 cuculi
815 2295 966 2341 aedium
1002 2293 1172 2356 (galli),

356 2395 441 2424 neu
477 2378 631 2423 diutius
668 2394 792 2440 quam
828 2379 928 2423 dum

357 2476 488 2505 unum
523 2460 657 2505 melos
693 2466 870 2505 cantem.

358 2573 404 2620 8.
475 2575 571 2618 Non
607 2573 741 2632 suisti,
774 2571 926 2631 Frodi7

361 2655 459 2699 satis
496 2653 570 2698 tibi
606 2653 826 2713 providus„

103 2708 1452 2727 Μ

103 2746 224 2778 chart.
249 2763 292 2767 ——-
323 2743 355 2786 ὃ)
384 2753 453 2776 om.
484 2741 529 2773 W
554 2743 671 2774 chare.
696 2759 742 2764 ——
765 2740 799 2784 ⁴¹)
825 2752 847 2773 a
874 2741 982 2783 [oroit
1007 2742 1099 2784 fyra,
1135 2739 1183 2772 W
1206 2739 1330 2770 chart.
1355 2753 1400 2758 -
1428 2733 1461 2775 ⁵]

98 2806 229 2844 kvebit,
257 2807 298 2837 W
323 2805 440 2838 chart.
467 2823 512 2828 —
537 2802 570 2845 ὕ)
597 2806 729 2845 varstu,
758 2802 805 2834 W
828 2804 946 2836 chare.
