1811 3256
121 242 167 286 C.
194 238 428 287 140-142.
633 257 802 291 anvis
841 257 1061 291 mmmm.
1372 241 1463 288 681

380 379 518 439 lapsus
555 385 650 437 est3
696 379 841 423 firmus
876 378 1071 438 gladius,

379 460 619 520 imperatori
656 460 877 520 proprius,
913 459 1022 504 viros
1058 459 1226 505 delevit.

120 542 166 586 In
201 540 277 585 hac
311 541 535 585 variatione
570 541 818 602 plerumque
863 546 1048 600 septenae
1092 541 1259 601 syllabae
1296 543 1468 603 singulis

120 621 307 666 versibus
344 621 512 680 insunt,
549 620 718 682 syllabae
754 637 852 665 vero
888 620 1138 666 harmonicae
1174 629 1217 667 et
1251 622 1467 685 dispositio

119 702 334 747 literarum
366 702 632 746 metricarum
659 702 806 747 eadem
835 708 920 761 est,
958 718 1052 763 quae
1088 703 1127 747 in
1163 711 1297 750 metro
1333 706 1468 751 colla-

121 788 239 840 tato,
276 782 500 843 demtaque
536 783 656 844 primi
691 790 763 828 aut
797 783 907 828 tertii
936 785 1080 829 versus
1109 785 1287 846 syllaba,
1325 788 1468 847 primae

118 863 331 924 proxima,
370 878 515 908 omnes
549 865 711 909 numeri
738 864 914 924 cadunt,
951 865 1077 910 veluti
1103 866 1142 910 in
1169 874 1304 911 metro
1334 868 1469 913 colla—

119 950 223 989 tato.
295 943 495 989 Similiter
538 960 588 990 ex
629 961 752 990 versu
797 944 981 990 secund-o
1027 952 1070 991 et
1105 955 1254 1008 quarto
1291 948 1468 994 eandem

120 1024 317 1086 syllabam
347 1025 531 1071 eximere
559 1026 676 1086 licet,
714 1041 798 1087 quo
827 1026 934 1071 l'acto
962 1026 1101 1087 prodit
1125 1035 1306 1076 metrum
1331 1031 1468 1076 colla-

120 1112 275 1166 tatum,
313 1107 391 1152 etsi
426 1105 616 1168 quaedam
647 1106 791 1152 durius
829 1106 972 1151 fluant.

193 1216 299 1264 141.
338 1219 595 1280 Sequentem
615 1219 880 1263 variationem
900 1217 1072 1264 dicimus
1091 1236 1467 1270 Ex'rEMPoRALEm:

186 1302 263 1348 66.
315 1303 538 1348 Excellens
575 1304 781 1348 exercitus
818 1303 900 1348 dux
937 1318 1182 1350 excursores
1213 1366 1217 1370 β

319 1385 446 1429 hastis
483 1384 749 1445 exstirpavit,
795 1383 990 1445 chalybes
1028 1400 1208 1431 sonuere

318 1466 471 1510 circum
507 1464 766 1511 adversarios
801 1465 1029 1526 principis3
1075 1467 1198 1528 lupus

318 1561 521 1591 caesorum
556 1546 704 1592 institit
738 1545 1001 1607 corporibus,

318 1628 574 1688 Imperator,
611 1644 713 1672 auro
750 1643 831 1672 non
867 1643 1066 1688 parcens,
1104 1629 1256 1675 multos

320 1710 428 1753 viros
464 1709 597 1769 capite
632 1715 803 1753 truncos
838 1707 1032 1753 reddidit.

319 1790 455 1833 Iratus
490 1790 668 1835 militum
704 1789 998 1849 antesignanus
1035 1790 1093 1834 sic

319 1870 482 1930 rapinas
518 1870 701 1916 virorum
737 1871 885 1933 punire
920 1871 1047 1916 novit.

119 1950 257 2010 Hujus
279 1950 462 2012 strophae
480 1967 625 1997 versus
645 1953 802 2013 primus
822 1959 864 1997 et
882 1952 1029 1997 tertius
1044 1953 1208 2014 syllabis
1223 1955 1470 2002 harmonicis

121 2038 279 2090 carent,
316 2031 523 2078 secundus
552 2039 594 2078 et
622 2041 795 2095 quartus
822 2034 980 2079 habent
1008 2033 1185 2095 syllabas
1213 2037 1471 2083 harmonicas

120 2112 383 2173 semiplenas.

209 2223 316 2270 142.
370 2226 570 2287 Sequitur
596 2226 790 2288 variatio,
828 2242 922 2289 quae
950 2227 1100 2276 dicitur
1124 2244 1333 2275 surmus
1361 2247 1472 2276 imn-

120 2321 293 2349 momms
330 2322 524 2352 CARENS:

186 2386 264 2433 67.
318 2386 523 2432 Cordatos
558 2388 650 2433 illos
686 2388 923 2450 principes,

318 2484 423 2529 quos
460 2469 553 2513 novi
590 2470 989 2530 excellentissimos,

119 2635 246 2669 minus
271 2641 384 2669 recte.
410 2654 454 2659 ——-
484 2635 532 2678 ¹¹)
558 2636 809 2681 hoddgrimmr‚
835 2639 1039 2683 usitatius,
1067 2642 1118 2674 W.
1144 2661 1189 2666 —
1227 2641 1274 2685 ¹²]
1300 2644 1472 2686 skemma,

120 2698 173 2729 W.
211 2715 252 2720 -—
296 2696 342 2739 ¹³)
368 2708 389 2729 a
417 2696 516 2739 [om.
547 2697 601 2730 W.
636 2718 681 2723 —
725 2700 773 2743 ¹⁴)
803 2703 1002 2736 transtulit
1034 2704 1129 2737 hanc
1164 2705 1358 2748 stropham
1382 2705 1470 2737 Joh.

121 2757 283 2792 Olavius
307 2758 349 2792 in
377 2759 532 2793 Nor-dens
557 2760 672 2801 ganne
697 2761 923 2805 Digtekunst‚
955 2775 992 2807 p.
1015 2765 1082 2798 58.
