<?xml version="1.0" encoding="UTF-8"?>
<!DOCTYPE html PUBLIC "-//W3C//DTD XHTML 1.0 Transitional//EN"
    "http://www.w3.org/TR/xhtml1/DTD/xhtml1-transitional.dtd">
<html xmlns="http://www.w3.org/1999/xhtml" xml:lang="en" lang="en">
 <head>
  <title>
</title>
<meta http-equiv="Content-Type" content="text/html;charset=utf-8" />
  <meta name='ocr-system' content='tesseract 3.04.00' />
  <meta name='ocr-capabilities' content='ocr_page ocr_carea ocr_par ocr_line ocrx_word'/>
</head>
<body>
  <div class='ocr_page' id='page_1' title='image "./eddasnorrasturlu01hafnuoft_0023.png"; bbox 0 0 1811 3256; ppageno 0'>
   <div class='ocr_carea' id='block_1_1' title="bbox 80 208 1431 258">
    <p class='ocr_par' dir='ltr' id='par_1_1' title="bbox 80 208 1431 258">
     <span class='ocr_line' id='line_1_1' title="bbox 80 208 1431 258; baseline 0 -3"><span class='ocrx_word' id='word_1_1' title='bbox 80 211 126 255; x_wconf 92' lang='lat' dir='ltr'>C.</span> <span class='ocrx_word' id='word_1_2' title='bbox 171 208 271 254; x_wconf 81' lang='lat'>1-2.</span> <span class='ocrx_word' id='word_1_3' title='bbox 392 238 400 248; x_wconf 59' lang='lat'><em>2</em></span> <span class='ocrx_word' id='word_1_4' title='bbox 611 225 872 258; x_wconf 70' lang='lat' dir='ltr'>PRAEFA&#39;rlo.</span> <span class='ocrx_word' id='word_1_5' title='bbox 1404 211 1431 255; x_wconf 77' lang='lat'>7</span> 
     </span>
    </p>
   </div>
   <div class='ocr_carea' id='block_1_2' title="bbox 63 345 1431 2270">
    <p class='ocr_par' dir='ltr' id='par_1_2' title="bbox 63 345 1431 2108">
     <span class='ocr_line' id='line_1_2' title="bbox 75 345 1429 406; baseline 0.001 -14"><span class='ocrx_word' id='word_1_6' title='bbox 75 346 202 392; x_wconf 91' lang='lat' dir='ltr'>modo</span> <span class='ocrx_word' id='word_1_7' title='bbox 233 347 400 392; x_wconf 81' lang='lat' dir='ltr'>vitalem</span> <span class='ocrx_word' id='word_1_8' title='bbox 429 362 549 405; x_wconf 89' lang='lat' dir='ltr'>esse,</span> <span class='ocrx_word' id='word_1_9' title='bbox 596 351 644 390; x_wconf 90' lang='lat' dir='ltr'>ut</span> <span class='ocrx_word' id='word_1_10' title='bbox 673 360 800 406; x_wconf 87' lang='lat' dir='ltr'>quam</span> <span class='ocrx_word' id='word_1_11' title='bbox 835 345 990 391; x_wconf 83' lang='lat' dir='ltr'>scirent</span> <span class='ocrx_word' id='word_1_12' title='bbox 1018 360 1223 391; x_wconf 83' lang='lat' dir='ltr'>annorum</span> <span class='ocrx_word' id='word_1_13' title='bbox 1253 364 1429 393; x_wconf 90' lang='lat' dir='ltr'>numero</span> 
     </span>
     <span class='ocr_line' id='line_1_3' title="bbox 75 426 1427 489; baseline 0.001 -17"><span class='ocrx_word' id='word_1_14' title='bbox 75 429 228 473; x_wconf 90' lang='lat' dir='ltr'>mirum</span> <span class='ocrx_word' id='word_1_15' title='bbox 257 443 382 489; x_wconf 87' lang='lat' dir='ltr'>quam</span> <span class='ocrx_word' id='word_1_16' title='bbox 411 433 642 484; x_wconf 85' lang='lat' dir='ltr'>vetustam,</span> <span class='ocrx_word' id='word_1_17' title='bbox 680 432 915 487; x_wconf 89' lang='lat' dir='ltr'>naturaque</span> <span class='ocrx_word' id='word_1_18' title='bbox 951 441 1027 471; x_wconf 89' lang='lat' dir='ltr'>sua</span> <span class='ocrx_word' id='word_1_19' title='bbox 1067 426 1282 472; x_wconf 85' lang='lat' dir='ltr'>efficacem</span> <span class='ocrx_word' id='word_1_20' title='bbox 1320 444 1427 473; x_wconf 89' lang='lat' dir='ltr'>esse.</span> 
     </span>
     <span class='ocr_line' id='line_1_4' title="bbox 72 507 1428 570; baseline -0.001 -16"><span class='ocrx_word' id='word_1_21' title='bbox 72 509 281 554; x_wconf 89' lang='lat' dir='ltr'>Nimirum</span> <span class='ocrx_word' id='word_1_22' title='bbox 317 525 448 570; x_wconf 92' lang='lat' dir='ltr'>quum</span> <span class='ocrx_word' id='word_1_23' title='bbox 486 507 624 552; x_wconf 87' lang='lat' dir='ltr'>omnia</span> <span class='ocrx_word' id='word_1_24' title='bbox 653 507 877 551; x_wconf 82' lang='lat' dir='ltr'>animantia</span> <span class='ocrx_word' id='word_1_25' title='bbox 905 508 1111 565; x_wconf 79' lang='lat' dir='ltr'>nutriret,</span> <span class='ocrx_word' id='word_1_26' title='bbox 1148 507 1428 570; x_wconf 88' lang='lat' dir='ltr'>omnibusque</span> 
     </span>
     <span class='ocr_line' id='line_1_5' title="bbox 73 587 1429 649; baseline -0.002 -13"><span class='ocrx_word' id='word_1_27' title='bbox 73 591 155 635; x_wconf 85' lang='lat' dir='ltr'>vita</span> <span class='ocrx_word' id='word_1_28' title='bbox 183 590 386 635; x_wconf 81' lang='lat' dir='ltr'>defunctis</span> <span class='ocrx_word' id='word_1_29' title='bbox 416 588 646 649; x_wconf 90' lang='lat' dir='ltr'>potiretur,</span> <span class='ocrx_word' id='word_1_30' title='bbox 688 603 780 632; x_wconf 88' lang='lat' dir='ltr'>eam</span> <span class='ocrx_word' id='word_1_31' title='bbox 801 587 855 632; x_wconf 90' lang='lat' dir='ltr'>ob</span> <span class='ocrx_word' id='word_1_32' title='bbox 875 603 1065 632; x_wconf 81' lang='lat' dir='ltr'>caussam</span> <span class='ocrx_word' id='word_1_33' title='bbox 1084 603 1239 632; x_wconf 91' lang='lat' dir='ltr'>nomen</span> <span class='ocrx_word' id='word_1_34' title='bbox 1259 589 1295 632; x_wconf 93' lang='lat' dir='ltr'>ei</span> <span class='ocrx_word' id='word_1_35' title='bbox 1315 589 1429 633; x_wconf 90' lang='lat' dir='ltr'>indi-</span> 
     </span>
     <span class='ocr_line' id='line_1_6' title="bbox 73 668 1429 730; baseline -0.001 -14"><span class='ocrx_word' id='word_1_36' title='bbox 73 671 252 730; x_wconf 89' lang='lat' dir='ltr'>derunt,</span> <span class='ocrx_word' id='word_1_37' title='bbox 290 684 508 730; x_wconf 88' lang='lat' dir='ltr'>genusque</span> <span class='ocrx_word' id='word_1_38' title='bbox 538 684 662 713; x_wconf 90' lang='lat' dir='ltr'>suum</span> <span class='ocrx_word' id='word_1_39' title='bbox 699 668 751 713; x_wconf 88' lang='lat' dir='ltr'>ad</span> <span class='ocrx_word' id='word_1_40' title='bbox 790 684 883 713; x_wconf 88' lang='lat' dir='ltr'>eam</span> <span class='ocrx_word' id='word_1_41' title='bbox 920 669 1172 713; x_wconf 84' lang='lat' dir='ltr'>retulerunt.</span> <span class='ocrx_word' id='word_1_42' title='bbox 1231 669 1349 713; x_wconf 84' lang='lat' dir='ltr'><strong>Idem</strong></span> <span class='ocrx_word' id='word_1_43' title='bbox 1378 685 1429 714; x_wconf 79' lang='lat' dir='ltr'>ex</span> 
     </span>
     <span class='ocr_line' id='line_1_7' title="bbox 72 750 1428 814; baseline -0.002 -17"><span class='ocrx_word' id='word_1_44' title='bbox 72 752 259 812; x_wconf 89' lang='lat' dir='ltr'>cognatis</span> <span class='ocrx_word' id='word_1_45' title='bbox 289 750 372 795; x_wconf 91' lang='lat' dir='ltr'>suis</span> <span class='ocrx_word' id='word_1_46' title='bbox 401 756 525 794; x_wconf 86' lang='lat' dir='ltr'>aetate</span> <span class='ocrx_word' id='word_1_47' title='bbox 554 750 759 809; x_wconf 82' lang='lat' dir='ltr'>provectis</span> <span class='ocrx_word' id='word_1_48' title='bbox 789 756 1102 814; x_wconf 67' lang='lat' dir='ltr'>cognoverunt,</span> <span class='ocrx_word' id='word_1_49' title='bbox 1142 750 1283 794; x_wconf 89' lang='lat' dir='ltr'>multis</span> <span class='ocrx_word' id='word_1_50' title='bbox 1312 756 1428 794; x_wconf 89' lang='lat' dir='ltr'>retro</span> 
     </span>
     <span class='ocr_line' id='line_1_8' title="bbox 71 830 1427 891; baseline -0.003 -13"><span class='ocrx_word' id='word_1_51' title='bbox 71 833 222 878; x_wconf 89' lang='lat' dir='ltr'>seculis</span> <span class='ocrx_word' id='word_1_52' title='bbox 260 830 511 891; x_wconf 65' lang='lat' dir='ltr'>inaequalem</span> <span class='ocrx_word' id='word_1_53' title='bbox 539 830 666 875; x_wconf 82' lang='lat' dir='ltr'>fuisse</span> <span class='ocrx_word' id='word_1_54' title='bbox 696 847 865 876; x_wconf 89' lang='lat' dir='ltr'>cursum</span> <span class='ocrx_word' id='word_1_55' title='bbox 896 830 1107 889; x_wconf 89' lang='lat' dir='ltr'>siderum,</span> <span class='ocrx_word' id='word_1_56' title='bbox 1146 831 1310 891; x_wconf 89' lang='lat' dir='ltr'>aliaque</span> <span class='ocrx_word' id='word_1_57' title='bbox 1340 831 1427 875; x_wconf 89' lang='lat' dir='ltr'>aliis</span> 
     </span>
     <span class='ocr_line' id='line_1_9' title="bbox 70 910 1427 973; baseline -0.002 -15"><span class='ocrx_word' id='word_1_58' title='bbox 70 912 248 973; x_wconf 84' lang='lat' dir='ltr'>longiori</span> <span class='ocrx_word' id='word_1_59' title='bbox 267 910 427 961; x_wconf 80' lang='lat' dir='ltr'>ambitu</span> <span class='ocrx_word' id='word_1_60' title='bbox 446 911 716 956; x_wconf 81' lang='lat' dir='ltr'>circumferri.</span> <span class='ocrx_word' id='word_1_61' title='bbox 754 913 815 956; x_wconf 79' lang='lat' dir='ltr'>Ex</span> <span class='ocrx_word' id='word_1_62' title='bbox 836 911 989 957; x_wconf 89' lang='lat' dir='ltr'>talibus</span> <span class='ocrx_word' id='word_1_63' title='bbox 1008 911 1136 956; x_wconf 91' lang='lat' dir='ltr'>rebus</span> <span class='ocrx_word' id='word_1_64' title='bbox 1156 911 1427 971; x_wconf 69' lang='lat' dir='ltr'>colligebant,</span> 
     </span>
     <span class='ocr_line' id='line_1_10' title="bbox 71 991 1429 1054; baseline -0.002 -15"><span class='ocrx_word' id='word_1_65' title='bbox 71 1009 165 1039; x_wconf 91' lang='lat' dir='ltr'>esse</span> <span class='ocrx_word' id='word_1_66' title='bbox 203 992 385 1054; x_wconf 89' lang='lat' dir='ltr'>aliquem</span> <span class='ocrx_word' id='word_1_67' title='bbox 432 998 644 1037; x_wconf 89' lang='lat' dir='ltr'>rectorem</span> <span class='ocrx_word' id='word_1_68' title='bbox 692 992 902 1053; x_wconf 89' lang='lat' dir='ltr'>siderum,</span> <span class='ocrx_word' id='word_1_69' title='bbox 950 994 1020 1054; x_wconf 88' lang='lat' dir='ltr'>qui</span> <span class='ocrx_word' id='word_1_70' title='bbox 1056 993 1227 1053; x_wconf 89' lang='lat' dir='ltr'>proprio</span> <span class='ocrx_word' id='word_1_71' title='bbox 1249 991 1429 1041; x_wconf 68' lang='lat' dir='ltr'>‚arbitrio</span> 
     </span>
     <span class='ocr_line' id='line_1_11' title="bbox 69 1059 1431 1140; baseline -0.001 -20"><span class='ocrx_word' id='word_1_72' title='bbox 69 1089 238 1120; x_wconf 90' lang='lat' dir='ltr'>cursum</span> <span class='ocrx_word' id='word_1_73' title='bbox 283 1089 431 1118; x_wconf 90' lang='lat' dir='ltr'>eorum</span> <span class='ocrx_word' id='word_1_74' title='bbox 471 1080 765 1140; x_wconf 79' lang='lat' dir='ltr'>temperaret,</span> <span class='ocrx_word' id='word_1_75' title='bbox 821 1074 1088 1135; x_wconf 89' lang='lat' dir='ltr'>eundemque</span> <span class='ocrx_word' id='word_1_76' title='bbox 1125 1080 1341 1135; x_wconf 86' lang='lat' dir='ltr'>potentem</span> <span class='ocrx_word' id='word_1_77' title='bbox 1371 1059 1431 1118; x_wconf 49' lang='lat' dir='ltr'>‘et</span> 
     </span>
     <span class='ocr_line' id='line_1_12' title="bbox 70 1154 1428 1215; baseline -0.001 -15"><span class='ocrx_word' id='word_1_78' title='bbox 70 1155 282 1200; x_wconf 84' lang='lat' dir='ltr'>efficacem</span> <span class='ocrx_word' id='word_1_79' title='bbox 313 1170 431 1212; x_wconf 70' lang='lat' dir='ltr'>esse,</span> <span class='ocrx_word' id='word_1_80' title='bbox 467 1154 687 1215; x_wconf 89' lang='lat' dir='ltr'>probabile</span> <span class='ocrx_word' id='word_1_81' title='bbox 716 1155 949 1215; x_wconf 76' lang='lat' dir='ltr'>ducebant,</span> <span class='ocrx_word' id='word_1_82' title='bbox 980 1156 1013 1200; x_wconf 89' lang='lat' dir='ltr'>si</span> <span class='ocrx_word' id='word_1_83' title='bbox 1042 1171 1184 1200; x_wconf 88' lang='lat' dir='ltr'>rerum</span> <span class='ocrx_word' id='word_1_84' title='bbox 1209 1154 1428 1200; x_wconf 89' lang='lat' dir='ltr'>elementis</span> 
     </span>
     <span class='ocr_line' id='line_1_13' title="bbox 68 1235 1427 1297; baseline -0.001 -16"><span class='ocrx_word' id='word_1_85' title='bbox 68 1235 384 1294; x_wconf 80' lang='lat' dir='ltr'>moderaretur,</span> <span class='ocrx_word' id='word_1_86' title='bbox 415 1236 599 1296; x_wconf 86' lang='lat' dir='ltr'>priorem</span> <span class='ocrx_word' id='word_1_87' title='bbox 631 1235 838 1282; x_wconf 87' lang='lat' dir='ltr'>sideribus</span> <span class='ocrx_word' id='word_1_88' title='bbox 867 1237 1018 1295; x_wconf 71' lang='lat' dir='ltr'>fuisse,</span> <span class='ocrx_word' id='word_1_89' title='bbox 1048 1235 1364 1297; x_wconf 82' lang='lat' dir='ltr'>intelligebant,</span> <span class='ocrx_word' id='word_1_90' title='bbox 1394 1237 1427 1280; x_wconf 89' lang='lat' dir='ltr'>si</span> 
     </span>
     <span class='ocr_line' id='line_1_14' title="bbox 68 1316 1426 1385; baseline -0.001 -23"><span class='ocrx_word' id='word_1_91' title='bbox 68 1332 237 1362; x_wconf 91' lang='lat' dir='ltr'>cursum</span> <span class='ocrx_word' id='word_1_92' title='bbox 264 1323 387 1376; x_wconf 89' lang='lat' dir='ltr'>regat</span> <span class='ocrx_word' id='word_1_93' title='bbox 414 1316 624 1376; x_wconf 81' lang='lat' dir='ltr'>siderum,</span> <span class='ocrx_word' id='word_1_94' title='bbox 662 1333 760 1363; x_wconf 90' lang='lat' dir='ltr'>eum</span> <span class='ocrx_word' id='word_1_95' title='bbox 790 1319 915 1363; x_wconf 89' lang='lat' dir='ltr'>etiam</span> <span class='ocrx_word' id='word_1_96' title='bbox 942 1319 1085 1362; x_wconf 91' lang='lat' dir='ltr'>lumen</span> <span class='ocrx_word' id='word_1_97' title='bbox 1114 1318 1238 1385; x_wconf 84' lang='lat' dir='ltr'>solis,</span> <span class='ocrx_word' id='word_1_98' title='bbox 1284 1332 1426 1362; x_wconf 91' lang='lat' dir='ltr'>rorem</span> 
     </span>
     <span class='ocr_line' id='line_1_15' title="bbox 68 1397 1424 1459; baseline -0.001 -16"><span class='ocrx_word' id='word_1_99' title='bbox 68 1399 179 1457; x_wconf 89' lang='lat' dir='ltr'>coeli,</span> <span class='ocrx_word' id='word_1_100' title='bbox 217 1397 400 1459; x_wconf 89' lang='lat' dir='ltr'>indeque</span> <span class='ocrx_word' id='word_1_101' title='bbox 428 1397 738 1459; x_wconf 88' lang='lat' dir='ltr'>dependentem</span> <span class='ocrx_word' id='word_1_102' title='bbox 767 1406 891 1444; x_wconf 81' lang='lat' dir='ltr'>terrae</span> <span class='ocrx_word' id='word_1_103' title='bbox 924 1399 1206 1457; x_wconf 80' lang='lat' dir='ltr'>feracitatem,</span> <span class='ocrx_word' id='word_1_104' title='bbox 1238 1399 1424 1459; x_wconf 86' lang='lat' dir='ltr'>itemque</span> 
     </span>
     <span class='ocr_line' id='line_1_16' title="bbox 66 1479 1424 1540; baseline -0.001 -16"><span class='ocrx_word' id='word_1_105' title='bbox 66 1485 214 1525; x_wconf 89' lang='lat' dir='ltr'>ventos</span> <span class='ocrx_word' id='word_1_106' title='bbox 235 1479 396 1538; x_wconf 74' lang='lat' dir='ltr'>aerios,</span> <span class='ocrx_word' id='word_1_107' title='bbox 434 1495 512 1524; x_wconf 92' lang='lat' dir='ltr'>nec</span> <span class='ocrx_word' id='word_1_108' title='bbox 539 1495 623 1524; x_wconf 93' lang='lat' dir='ltr'>non</span> <span class='ocrx_word' id='word_1_109' title='bbox 652 1487 778 1526; x_wconf 76' lang='lat' dir='ltr'>aestus</span> <span class='ocrx_word' id='word_1_110' title='bbox 803 1481 991 1525; x_wconf 89' lang='lat' dir='ltr'>marinos</span> <span class='ocrx_word' id='word_1_111' title='bbox 1021 1486 1274 1540; x_wconf 89' lang='lat' dir='ltr'>temperare.</span> <span class='ocrx_word' id='word_1_112' title='bbox 1328 1480 1424 1524; x_wconf 90' lang='lat' dir='ltr'>Ne-</span> 
     </span>
     <span class='ocr_line' id='line_1_17' title="bbox 65 1559 1422 1622; baseline -0.001 -17"><span class='ocrx_word' id='word_1_113' title='bbox 65 1559 254 1605; x_wconf 85' lang='lat' dir='ltr'>sciebant</span> <span class='ocrx_word' id='word_1_114' title='bbox 273 1559 440 1621; x_wconf 90' lang='lat' dir='ltr'>quidem</span> <span class='ocrx_word' id='word_1_115' title='bbox 455 1595 466 1617; x_wconf 87' lang='lat'>,</span> <span class='ocrx_word' id='word_1_116' title='bbox 495 1560 567 1605; x_wconf 85' lang='lat' dir='ltr'>ubi</span> <span class='ocrx_word' id='word_1_117' title='bbox 585 1577 765 1621; x_wconf 91' lang='lat' dir='ltr'>regnum</span> <span class='ocrx_word' id='word_1_118' title='bbox 785 1560 874 1620; x_wconf 89' lang='lat' dir='ltr'>ejus</span> <span class='ocrx_word' id='word_1_119' title='bbox 895 1568 1029 1621; x_wconf 90' lang='lat' dir='ltr'>esset,</span> <span class='ocrx_word' id='word_1_120' title='bbox 1060 1560 1290 1606; x_wconf 85' lang='lat' dir='ltr'>credebant</span> <span class='ocrx_word' id='word_1_121' title='bbox 1308 1575 1422 1622; x_wconf 70' lang='lat' dir='ltr'>vero,</span> 
     </span>
     <span class='ocr_line' id='line_1_18' title="bbox 65 1641 1423 1703; baseline -0.001 -17"><span class='ocrx_word' id='word_1_122' title='bbox 65 1641 118 1686; x_wconf 90' lang='lat' dir='ltr'>ab</span> <span class='ocrx_word' id='word_1_123' title='bbox 148 1657 199 1687; x_wconf 93' lang='lat' dir='ltr'>eo</span> <span class='ocrx_word' id='word_1_124' title='bbox 228 1642 388 1701; x_wconf 87' lang='lat' dir='ltr'>omnia,</span> <span class='ocrx_word' id='word_1_125' title='bbox 425 1658 519 1703; x_wconf 84' lang='lat' dir='ltr'>quae</span> <span class='ocrx_word' id='word_1_126' title='bbox 548 1642 588 1686; x_wconf 91' lang='lat' dir='ltr'>in</span> <span class='ocrx_word' id='word_1_127' title='bbox 615 1649 727 1688; x_wconf 89' lang='lat' dir='ltr'>terra</span> <span class='ocrx_word' id='word_1_128' title='bbox 754 1649 827 1688; x_wconf 85' lang='lat' dir='ltr'>aut</span> <span class='ocrx_word' id='word_1_129' title='bbox 853 1647 951 1688; x_wconf 83' lang='lat' dir='ltr'>ae&#39;re</span> <span class='ocrx_word' id='word_1_130' title='bbox 981 1649 1146 1700; x_wconf 87' lang='lat' dir='ltr'>essent,</span> <span class='ocrx_word' id='word_1_131' title='bbox 1182 1642 1298 1702; x_wconf 76' lang='lat' dir='ltr'>regi,</span> <span class='ocrx_word' id='word_1_132' title='bbox 1337 1647 1423 1685; x_wconf 89' lang='lat' dir='ltr'>tam</span> 
     </span>
     <span class='ocr_line' id='line_1_19' title="bbox 65 1722 1421 1785; baseline -0.001 -17"><span class='ocrx_word' id='word_1_133' title='bbox 65 1724 219 1768; x_wconf 88' lang='lat' dir='ltr'>coelum</span> <span class='ocrx_word' id='word_1_134' title='bbox 240 1730 283 1768; x_wconf 89' lang='lat' dir='ltr'>et</span> <span class='ocrx_word' id='word_1_135' title='bbox 311 1722 465 1783; x_wconf 87' lang='lat' dir='ltr'>sidera,</span> <span class='ocrx_word' id='word_1_136' title='bbox 497 1740 623 1785; x_wconf 91' lang='lat' dir='ltr'>quam</span> <span class='ocrx_word' id='word_1_137' title='bbox 651 1739 767 1768; x_wconf 89' lang='lat' dir='ltr'>mare</span> <span class='ocrx_word' id='word_1_138' title='bbox 798 1740 846 1769; x_wconf 89' lang='lat' dir='ltr'>ac</span> <span class='ocrx_word' id='word_1_139' title='bbox 874 1730 1163 1784; x_wconf 82' lang='lat' dir='ltr'>tempestates.</span> <span class='ocrx_word' id='word_1_140' title='bbox 1210 1724 1317 1777; x_wconf 80' lang='lat' dir='ltr'>Quae</span> <span class='ocrx_word' id='word_1_141' title='bbox 1337 1737 1421 1783; x_wconf 89' lang='lat' dir='ltr'>quo</span> 
     </span>
     <span class='ocr_line' id='line_1_20' title="bbox 66 1804 1422 1866; baseline -0.001 -18"><span class='ocrx_word' id='word_1_142' title='bbox 66 1804 224 1849; x_wconf 81' lang='lat' dir='ltr'>facilius</span> <span class='ocrx_word' id='word_1_143' title='bbox 263 1804 415 1864; x_wconf 79' lang='lat' dir='ltr'>exponi</span> <span class='ocrx_word' id='word_1_144' title='bbox 450 1806 739 1866; x_wconf 86' lang='lat' dir='ltr'>memoriaque</span> <span class='ocrx_word' id='word_1_145' title='bbox 775 1804 1073 1866; x_wconf 84' lang='lat' dir='ltr'>comprehendi</span> <span class='ocrx_word' id='word_1_146' title='bbox 1102 1810 1300 1865; x_wconf 88' lang='lat' dir='ltr'>possent,</span> <span class='ocrx_word' id='word_1_147' title='bbox 1345 1818 1422 1863; x_wconf 91' lang='lat' dir='ltr'>pro</span> 
     </span>
     <span class='ocr_line' id='line_1_21' title="bbox 66 1883 1421 1946; baseline -0.001 -17"><span class='ocrx_word' id='word_1_148' title='bbox 66 1900 112 1929; x_wconf 89' lang='lat' dir='ltr'>se</span> <span class='ocrx_word' id='word_1_149' title='bbox 141 1885 319 1946; x_wconf 89' lang='lat' dir='ltr'>quisque</span> <span class='ocrx_word' id='word_1_150' title='bbox 347 1885 515 1929; x_wconf 91' lang='lat' dir='ltr'>nomina</span> <span class='ocrx_word' id='word_1_151' title='bbox 544 1886 829 1946; x_wconf 51' lang='lat' dir='ltr'>invenerunt„</span> <span class='ocrx_word' id='word_1_152' title='bbox 864 1887 972 1940; x_wconf 78' lang='lat' dir='ltr'>Quae</span> <span class='ocrx_word' id='word_1_153' title='bbox 1001 1884 1250 1931; x_wconf 82' lang='lat' dir='ltr'>existimatio</span> <span class='ocrx_word' id='word_1_154' title='bbox 1280 1883 1421 1928; x_wconf 89' lang='lat' dir='ltr'>multis</span> 
     </span>
     <span class='ocr_line' id='line_1_22' title="bbox 64 1965 1422 2028; baseline -0.001 -19"><span class='ocrx_word' id='word_1_155' title='bbox 64 1965 199 2011; x_wconf 91' lang='lat' dir='ltr'>modis</span> <span class='ocrx_word' id='word_1_156' title='bbox 229 1965 424 2024; x_wconf 84' lang='lat' dir='ltr'>variavit,</span> <span class='ocrx_word' id='word_1_157' title='bbox 463 1967 603 2027; x_wconf 90' lang='lat' dir='ltr'>prouti</span> <span class='ocrx_word' id='word_1_158' title='bbox 643 1967 786 2028; x_wconf 89' lang='lat' dir='ltr'>populi</span> <span class='ocrx_word' id='word_1_159' title='bbox 823 1966 947 2012; x_wconf 91' lang='lat' dir='ltr'>dividi</span> <span class='ocrx_word' id='word_1_160' title='bbox 975 1967 1217 2027; x_wconf 75' lang='lat' dir='ltr'>linguaeque</span> <span class='ocrx_word' id='word_1_161' title='bbox 1245 1965 1422 2010; x_wconf 90' lang='lat' dir='ltr'>discerni</span> 
     </span>
     <span class='ocr_line' id='line_1_23' title="bbox 63 2052 298 2108; baseline -0.004 -17"><span class='ocrx_word' id='word_1_162' title='bbox 63 2052 298 2108; x_wconf 85' lang='lat' dir='ltr'>coeperunt.</span> 
     </span>
    </p>

    <p class='ocr_par' dir='ltr' id='par_1_3' title="bbox 63 2126 1423 2270">
     <span class='ocr_line' id='line_1_24' title="bbox 198 2126 1423 2173; baseline -0.001 -1"><span class='ocrx_word' id='word_1_163' title='bbox 198 2126 244 2172; x_wconf 84' lang='lat'>2.</span> <span class='ocrx_word' id='word_1_164' title='bbox 313 2128 360 2172; x_wconf 94' lang='lat' dir='ltr'>In</span> <span class='ocrx_word' id='word_1_165' title='bbox 388 2134 605 2173; x_wconf 92' lang='lat' dir='ltr'>senectute</span> <span class='ocrx_word' id='word_1_166' title='bbox 644 2144 719 2173; x_wconf 87' lang='lat' dir='ltr'>sua</span> <span class='ocrx_word' id='word_1_167' title='bbox 757 2130 850 2173; x_wconf 92' lang='lat' dir='ltr'>Noa</span> <span class='ocrx_word' id='word_1_168' title='bbox 886 2127 1036 2173; x_wconf 90' lang='lat' dir='ltr'>orbem</span> <span class='ocrx_word' id='word_1_169' title='bbox 1073 2135 1281 2173; x_wconf 89' lang='lat' dir='ltr'>terrarum</span> <span class='ocrx_word' id='word_1_170' title='bbox 1314 2127 1423 2171; x_wconf 86' lang='lat' dir='ltr'>inter</span> 
     </span>
     <span class='ocr_line' id='line_1_25' title="bbox 63 2208 1421 2270; baseline 0 -18"><span class='ocrx_word' id='word_1_171' title='bbox 63 2208 170 2253; x_wconf 92' lang='lat' dir='ltr'>filios</span> <span class='ocrx_word' id='word_1_172' title='bbox 209 2208 387 2269; x_wconf 91' lang='lat' dir='ltr'>partitus</span> <span class='ocrx_word' id='word_1_173' title='bbox 419 2216 508 2267; x_wconf 87' lang='lat' dir='ltr'>est,</span> <span class='ocrx_word' id='word_1_174' title='bbox 556 2209 715 2255; x_wconf 88' lang='lat' dir='ltr'>Chamo</span> <span class='ocrx_word' id='word_1_175' title='bbox 756 2208 979 2269; x_wconf 80' lang='lat' dir='ltr'>adsignans</span> <span class='ocrx_word' id='word_1_176' title='bbox 1020 2215 1183 2270; x_wconf 88' lang='lat' dir='ltr'>partem</span> <span class='ocrx_word' id='word_1_177' title='bbox 1220 2208 1421 2253; x_wconf 88' lang='lat' dir='ltr'>occiden-</span> 
     </span>
    </p>
   </div>
   <div class='ocr_carea' id='block_1_3' title="bbox 61 2312 1470 2787">
    <p class='ocr_par' dir='ltr' id='par_1_4' title="bbox 61 2312 1470 2787">
     <span class='ocr_line' id='line_1_26' title="bbox 63 2312 1422 2356; baseline -0.001 -11"><span class='ocrx_word' id='word_1_178' title='bbox 63 2312 306 2356; x_wconf 74' lang='lat' dir='ltr'>s‘er,U.—-¹²)</span> <span class='ocrx_word' id='word_1_179' title='bbox 332 2313 404 2346; x_wconf 77' lang='lat' dir='ltr'>Hic</span> <span class='ocrx_word' id='word_1_180' title='bbox 433 2313 480 2344; x_wconf 93' lang='lat' dir='ltr'><em>W</em></span> <span class='ocrx_word' id='word_1_181' title='bbox 500 2323 701 2356; x_wconf 82' lang='lat' dir='ltr'>perperam</span> <span class='ocrx_word' id='word_1_182' title='bbox 725 2313 830 2345; x_wconf 75' lang='lat' dir='ltr'>addit</span> <span class='ocrx_word' id='word_1_183' title='bbox 852 2312 924 2353; x_wconf 80' lang='lat' dir='ltr'>(ad</span> <span class='ocrx_word' id='word_1_184' title='bbox 942 2317 1054 2355; x_wconf 80' lang='lat' dir='ltr'>caput</span> <span class='ocrx_word' id='word_1_185' title='bbox 1077 2321 1238 2354; x_wconf 80' lang='lat' dir='ltr'>sequeus</span> <span class='ocrx_word' id='word_1_186' title='bbox 1262 2322 1305 2344; x_wconf 84' lang='lat' dir='ltr'>re</span> <span class='ocrx_word' id='word_1_187' title='bbox 1329 2322 1422 2345; x_wconf 81' lang='lat' dir='ltr'>vera</span> 
     </span>
     <span class='ocr_line' id='line_1_27' title="bbox 61 2373 1421 2420; baseline 0 -14"><span class='ocrx_word' id='word_1_188' title='bbox 61 2374 275 2418; x_wconf 59' lang='lat' dir='ltr'>per-tineo:</span> <span class='ocrx_word' id='word_1_189' title='bbox 304 2376 381 2406; x_wconf 81' lang='lat' dir='ltr'>Var</span> <span class='ocrx_word' id='word_1_190' title='bbox 406 2375 499 2406; x_wconf 81' lang='lat' dir='ltr'>esnat</span> <span class='ocrx_word' id='word_1_191' title='bbox 523 2373 585 2420; x_wconf 61' lang='grc' dir='ltr'>βαι</span> <span class='ocrx_word' id='word_1_192' title='bbox 610 2373 728 2414; x_wconf 61' lang='lat' dir='ltr'>sumini,</span> <span class='ocrx_word' id='word_1_193' title='bbox 754 2385 790 2405; x_wconf 83' lang='lat' dir='ltr'>er</span> <span class='ocrx_word' id='word_1_194' title='bbox 807 2378 895 2406; x_wconf 79' lang='lat' dir='ltr'>mest</span> <span class='ocrx_word' id='word_1_195' title='bbox 918 2374 1004 2406; x_wconf 78' lang='lat' dir='ltr'>lic-fir</span> <span class='ocrx_word' id='word_1_196' title='bbox 1029 2373 1119 2406; x_wconf 81' lang='lat' dir='ltr'>verit</span> <span class='ocrx_word' id='word_1_197' title='bbox 1138 2374 1149 2406; x_wconf 86' lang='lat' dir='ltr'>i</span> <span class='ocrx_word' id='word_1_198' title='bbox 1166 2373 1421 2417; x_wconf 78' lang='lat' dir='ltr'>v(er)‹&#39;ildunni.</span> 
     </span>
     <span class='ocr_line' id='line_1_28' title="bbox 65 2434 1470 2479; baseline -0.001 -11"><span class='ocrx_word' id='word_1_199' title='bbox 65 2434 178 2478; x_wconf 82' lang='lat' dir='ltr'>[Nam</span> <span class='ocrx_word' id='word_1_200' title='bbox 211 2435 406 2469; x_wconf 72' lang='lat' dir='ltr'>contextui</span> <span class='ocrx_word' id='word_1_201' title='bbox 434 2446 569 2479; x_wconf 79' lang='lat' dir='ltr'>parum</span> <span class='ocrx_word' id='word_1_202' title='bbox 607 2437 839 2476; x_wconf 79' lang='lat' dir='ltr'>consulunt,</span> <span class='ocrx_word' id='word_1_203' title='bbox 885 2436 972 2478; x_wconf 81' lang='lat' dir='ltr'>qui,</span> <span class='ocrx_word' id='word_1_204' title='bbox 1004 2440 1142 2479; x_wconf 81' lang='lat' dir='ltr'>puncto</span> <span class='ocrx_word' id='word_1_205' title='bbox 1175 2439 1264 2478; x_wconf 79' lang='lat' dir='ltr'>post</span> <span class='ocrx_word' id='word_1_206' title='bbox 1302 2435 1423 2477; x_wconf 84' lang='lat' dir='ltr'>breyzt</span> <span class='ocrx_word' id='word_1_207' title='bbox 1468 2472 1470 2474; x_wconf 26' lang='grc'><strong>,</strong></span> 
     </span>
     <span class='ocr_line' id='line_1_29' title="bbox 61 2496 1422 2543; baseline -0.001 -14"><span class='ocrx_word' id='word_1_208' title='bbox 61 2497 217 2540; x_wconf 72' lang='lat' dir='ltr'>posito,</span> <span class='ocrx_word' id='word_1_209' title='bbox 256 2503 498 2531; x_wconf 79' lang='lat' dir='ltr'>construant:</span> <span class='ocrx_word' id='word_1_210' title='bbox 543 2497 613 2530; x_wconf 61' lang='lat' dir='ltr'>Sva</span> <span class='ocrx_word' id='word_1_211' title='bbox 649 2508 719 2529; x_wconf 81' lang='lat' dir='ltr'>sem</span> <span class='ocrx_word' id='word_1_212' title='bbox 758 2496 942 2543; x_wconf 65' lang='lat' dir='ltr'>pjobimar</span> <span class='ocrx_word' id='word_1_213' title='bbox 967 2496 1121 2539; x_wconf 82' lang='lat' dir='ltr'>skiptust</span> <span class='ocrx_word' id='word_1_214' title='bbox 1154 2497 1199 2528; x_wconf 90' lang='lat' dir='ltr'>ok</span> <span class='ocrx_word' id='word_1_215' title='bbox 1230 2496 1422 2538; x_wconf 72' lang='lat' dir='ltr'>tiingurnar</span> 
     </span>
     <span class='ocr_line' id='line_1_30' title="bbox 63 2558 1421 2606; baseline 0 -16"><span class='ocrx_word' id='word_1_216' title='bbox 63 2558 263 2601; x_wconf 83' lang='lat' dir='ltr'>greindust,</span> <span class='ocrx_word' id='word_1_217' title='bbox 302 2570 365 2591; x_wconf 84' lang='lat' dir='ltr'>var</span> <span class='ocrx_word' id='word_1_218' title='bbox 403 2561 501 2591; x_wconf 80' lang='lat' dir='ltr'>efnat</span> <span class='ocrx_word' id='word_1_219' title='bbox 522 2558 600 2606; x_wconf 59' lang='lat' dir='ltr'>—pat</span> <span class='ocrx_word' id='word_1_220' title='bbox 639 2569 704 2591; x_wconf 88' lang='lat' dir='ltr'>sm.</span> <span class='ocrx_word' id='word_1_221' title='bbox 742 2569 771 2591; x_wconf 84' lang='lat' dir='ltr'>e.</span> <span class='ocrx_word' id='word_1_222' title='bbox 808 2562 897 2591; x_wconf 83' lang='lat' dir='ltr'>mest</span> <span class='ocrx_word' id='word_1_223' title='bbox 922 2558 956 2590; x_wconf 89' lang='lat' dir='ltr'>h.</span> <span class='ocrx_word' id='word_1_224' title='bbox 981 2568 1015 2590; x_wconf 90' lang='lat' dir='ltr'>v.</span> <span class='ocrx_word' id='word_1_225' title='bbox 1046 2558 1059 2590; x_wconf 83' lang='grc' dir='ltr'>ι’</span> <span class='ocrx_word' id='word_1_226' title='bbox 1085 2558 1305 2599; x_wconf 76' lang='lat' dir='ltr'>veroldunni‚</span> <span class='ocrx_word' id='word_1_227' title='bbox 1338 2558 1365 2590; x_wconf 80' lang='lat' dir='ltr'>i.</span> <span class='ocrx_word' id='word_1_228' title='bbox 1391 2568 1421 2591; x_wconf 78' lang='lat' dir='ltr'>e.</span> 
     </span>
     <span class='ocr_line' id='line_1_31' title="bbox 61 2618 1421 2664; baseline -0.001 -12"><span class='ocrx_word' id='word_1_229' title='bbox 61 2625 258 2662; x_wconf 70' lang='lat' dir='ltr'>postquam</span> <span class='ocrx_word' id='word_1_230' title='bbox 284 2621 453 2654; x_wconf 77' lang='lat' dir='ltr'>homines</span> <span class='ocrx_word' id='word_1_231' title='bbox 479 2621 519 2654; x_wconf 79' lang='lat' dir='ltr'>in</span> <span class='ocrx_word' id='word_1_232' title='bbox 544 2621 707 2664; x_wconf 80' lang='lat' dir='ltr'>populos</span> <span class='ocrx_word' id='word_1_233' title='bbox 733 2620 880 2659; x_wconf 72' lang='lat' dir='ltr'>scindi,</span> <span class='ocrx_word' id='word_1_234' title='bbox 914 2620 1125 2663; x_wconf 71' lang='lat' dir='ltr'>linyuoeque</span> <span class='ocrx_word' id='word_1_235' title='bbox 1151 2618 1321 2653; x_wconf 66' lang='lat' dir='ltr'>discerni</span> <span class='ocrx_word' id='word_1_236' title='bbox 1346 2629 1421 2651; x_wconf 71' lang='grc' dir='ltr'>ειε-</span> 
     </span>
     <span class='ocr_line' id='line_1_32' title="bbox 62 2680 1421 2725; baseline -0.001 -12"><span class='ocrx_word' id='word_1_237' title='bbox 62 2687 209 2724; x_wconf 79' lang='lat' dir='ltr'>perant,</span> <span class='ocrx_word' id='word_1_238' title='bbox 237 2683 455 2725; x_wconf 74' lang='lat' dir='ltr'>ntaoeimum,</span> <span class='ocrx_word' id='word_1_239' title='bbox 483 2683 578 2725; x_wconf 78' lang='lat' dir='ltr'>qnod</span> <span class='ocrx_word' id='word_1_240' title='bbox 603 2682 642 2715; x_wconf 83' lang='lat' dir='ltr'>in</span> <span class='ocrx_word' id='word_1_241' title='bbox 669 2682 757 2715; x_wconf 82' lang='lat' dir='ltr'>orbe</span> <span class='ocrx_word' id='word_1_242' title='bbox 785 2686 975 2716; x_wconf 80' lang='lat' dir='ltr'>terrarum</span> <span class='ocrx_word' id='word_1_243' title='bbox 1003 2692 1163 2724; x_wconf 78' lang='lat' dir='ltr'>uuquam</span> <span class='ocrx_word' id='word_1_244' title='bbox 1190 2680 1329 2722; x_wconf 66' lang='lat' dir='ltr'>extitit,</span> <span class='ocrx_word' id='word_1_245' title='bbox 1357 2680 1421 2712; x_wconf 78' lang='lat' dir='ltr'>in-</span> 
     </span>
     <span class='ocr_line' id='line_1_33' title="bbox 67 2743 471 2787; baseline 0.002 -12"><span class='ocrx_word' id='word_1_246' title='bbox 67 2743 237 2776; x_wconf 65' lang='lat' dir='ltr'>clevatum</span> <span class='ocrx_word' id='word_1_247' title='bbox 263 2753 357 2787; x_wconf 80' lang='lat' dir='ltr'>opus</span> <span class='ocrx_word' id='word_1_248' title='bbox 385 2744 471 2787; x_wconf 52' lang='grc' dir='ltr'>εει]</span> 
     </span>
    </p>
   </div>
  </div>
 </body>
</html>
