1811 3256
382 256 425 288 [V

387 374 612 418 collectioni
650 373 789 416 additi
826 382 922 416 sunt
964 382 999 417 et
1040 375 1086 415 in
1126 373 1330 416 volumine
1368 371 1549 416 secundo
1586 373 1708 430 hujus

386 444 579 488 editionis
602 442 850 500 prodibunt,
881 457 979 486 nam
1007 457 1091 485 non
1115 445 1248 485 solum
1269 450 1315 485 ut
1339 441 1588 494 tentamina,
1619 443 1710 499 ipso

379 512 523 572 patrio
537 527 722 555 sermone
738 513 973 569 conscripta
984 547 995 565 ,
1028 513 1077 555 de
1091 513 1205 555 sonis
1223 512 1380 567 linquoe
1397 511 1709 567 distinyuendis

387 593 421 627 et
445 597 522 640 per
551 583 693 625 literas
725 582 1012 640 exprimendis
1042 581 1206 625 laudem
1232 590 1455 633 merentur,
1486 581 1560 623 sed
1588 583 1712 624 etiam

386 653 549 709 inqenii
576 666 767 704 acumen,
810 652 1025 703 doctrina,
1064 660 1110 694 ut
1138 660 1363 709 temporum
1391 652 1500 694 ratio
1528 651 1709 705 ferebat,

386 737 470 765 non
510 721 730 764 mediocris
778 729 812 764 et
851 735 982 778 yenus
1029 721 1199 763 dicendi
1242 722 1459 764 classicum
1504 730 1714 764 auctorem

388 791 698 845 commendant3
746 791 880 843 adde,
927 790 1038 848 quod
1079 799 1276 834 tractatus
1313 792 1480 847 primus
1524 800 1560 834 et
1602 792 1712 834 anti-

388 862 639 920 quissimus,
683 861 792 902 inter
828 874 960 903 annos
1000 860 1138 904 1140
1173 868 1207 903 et
1244 860 1385 904 1160
1419 861 1713 904 verosimiliter

386 933 591 988 scriptus,
623 929 679 973 ad
707 930 801 987 ipsa
830 928 1087 972 incunabula
1115 929 1345 972 literaturae
1374 930 1711 987 septentrionalis

381 1003 615 1058 pertineat,
657 1014 735 1056 quo
774 1007 950 1057 tempore
979 1000 1109 1042 literoe
1138 1000 1299 1043 runicae
1328 999 1472 1044 latinis
1503 1009 1538 1043 et
1566 1000 1712 1057 anylo-

387 1072 602 1114 saxonicis
634 1078 856 1113 cesserunt.
1501 1067 1512 1079 ⁴

498 1141 583 1184 Sed
622 1154 706 1182 non
746 1140 883 1181 minus
927 1151 1049 1196 quam
1083 1139 1272 1195 qravitas
1309 1141 1444 1196 ipsius
1484 1141 1621 1197 operis
1657 1140 1714 1182 ad

390 1225 533 1254 nocam
564 1210 781 1252 editionem
796 1208 1041 1266 parandam
1064 1209 1300 1265 instiyavit‚
1334 1209 1445 1266 quod
1468 1211 1514 1252 in
1539 1210 1712 1253 scriniis

390 1279 798 1336 ,1rnamt19noeanis‚
850 1288 1005 1336 proeter
1047 1278 1226 1321 codicem
1271 1278 1584 1333 Wormianum,
1628 1294 1714 1322 non

385 1365 521 1408 pauca
547 1351 783 1405 fragmenta
810 1349 1125 1391 membranacea
1152 1356 1311 1391 vetusta
1344 1357 1379 1392 et
1401 1350 1619 1406 palmaria
1647 1350 1713 1392 in-

388 1421 629 1470 veniantur,
663 1433 752 1475 quie
782 1419 1089 1461 celeberrimum
1115 1417 1323 1461 Rasltium
1351 1419 1397 1461 in
1425 1433 1506 1462 sua
1535 1420 1714 1462 editione

385 1489 584 1547 paranda
619 1504 703 1531 non
741 1489 1008 1541 adhibuisse,
1051 1489 1230 1545 fortasse
1267 1503 1319 1531 ne
1355 1490 1519 1532 novisse
1548 1489 1714 1547 quidem

388 1559 600 1611 ridemus,
647 1573 736 1616 quse
773 1573 869 1601 vero
911 1573 996 1601 non
1031 1559 1164 1602 solum
1193 1558 1393 1616 pluribus
1429 1559 1528 1602 locis
1566 1573 1716 1602 novam

389 1631 515 1672 lucent
545 1629 763 1686 adserunt,
803 1628 917 1671 haud
937 1642 1079 1685 pauca
1108 1628 1174 1671 liic
1202 1629 1290 1671 illic
1319 1629 1503 1681 addunt,
1534 1628 1715 1672 indolem

391 1700 573 1741 codicum
616 1707 649 1741 ct
685 1699 914 1750 rationem,
967 1712 1049 1755 qua
1091 1707 1174 1742 tota
1209 1698 1294 1742 lzcec
1332 1699 1511 1744 collectio
1546 1699 1717 1742 Eddica

387 1770 567 1822 formata.
589 1776 658 1820 est,
690 1768 852 1823 cyreyic
875 1768 1102 1811 illustrant.
1159 1768 1461 1826 Necpra’terea
1476 1769 1716 1826 nqqandum

389 1849 458 1891 est,
490 1848 643 1881 textum
666 1837 861 1880 editionis
878 1837 1111 1881 Raslcianoe
1136 1839 1295 1896 aliquot
1316 1839 1415 1882 locis
1433 1839 1716 1882 emendatione

390 1923 531 1964 effere,
574 1922 698 1965 quum
726 1908 812 1950 loco
841 1921 867 1950 a
896 1908 1108 1951 codicibus
1139 1918 1291 1952 remoto
1326 1910 1531 1966 impressa
1557 1911 1640 1961 sit,
1681 1917 1717 1951 et

390 1978 481 2020 ideo
505 1978 656 2020 editori
676 1978 946 2033 sagacissimo
971 1978 1028 2021 ad
1052 1979 1210 2021 codices
1228 1978 1499 2022 consulendos
1515 1979 1715 2022 etiterum

390 2057 509 2104 atque
538 2049 686 2089 iterum
714 2047 979 2089 revolvendos
1009 2049 1168 2090 occasio
1198 2047 1388 2104 desuerit.

490 2118 625 2168 Ouum
643 2117 690 2158 de
706 2131 811 2158 noca
826 2116 1149 2159 editioneEddoe
1162 2116 1195 2160 S
1198 2118 1414 2159 norrianoe
1430 2117 1715 2160 instauranda

391 2186 608 2228 consilium
644 2186 793 2228 initum
828 2195 910 2238 cst,
951 2186 1165 2242 colleyiuni
1202 2195 1391 2228 nostrum
1420 2200 1472 2228 ex
1501 2186 1712 2230 codicibus

384 2256 636 2313 primariis,
680 2256 813 2312 Reqio
857 2265 892 2299 et
938 2255 1179 2298 Wormiano
1222 2264 1400 2308 textum,
1447 2269 1537 2298 cum
1579 2256 1713 2299 variis

390 2325 631 2368 lectionibus
662 2339 688 2368 a
716 2325 877 2368 Rasltt'o
904 2324 997 2382 jam
1025 2327 1222 2382 susceptis
1240 2359 1250 2378 ‚
1295 2325 1618 2368 exscribendum
1646 2340 1715 2368 cu·

391 2396 520 2447 ravit,
553 2396 620 2437 cui
644 2395 793 2437 deinde
810 2395 974 2438 Finnus
990 2396 1222 2452 Maynusen
1249 2395 1505 2439 collationem
1529 2395 1715 2439 codicum

390 2464 796 2522 Hypnonesicnsium
834 2465 1017 2508 addidit.
1088 2466 1202 2508 Dein
1238 2465 1312 2508 lzoc
1342 2466 1596 2522 exscriptum
1625 2478 1714 2508 cum

391 2535 601 2577 codicibus
623 2535 849 2591 primariis
871 2569 881 2587 ‚
912 2549 1047 2592 nuper
1077 2535 1422 2586 commemoratis,
1455 2535 1589 2577 denuo
1619 2549 1714 2578 con-

390 2605 483 2648 tulit
513 2613 547 2646 et
576 2605 763 2647 lectiones
795 2618 934 2647 eorum
963 2605 1185 2663 diligenter
1212 2605 1370 2648 notavit
1397 2605 1478 2648 Jon
1507 2604 1712 2662 Siqurds-

390 2689 485 2724 son,
516 2674 644 2730 leyati
665 2675 1027 2731 Arnamaynoeani
1053 2675 1377 2732 stipendiarius,
1410 2675 1483 2732 qui
1504 2683 1712 2731 praterea

387 2746 624 2802 fraymenta
660 2744 999 2798 membranacea,
1045 2744 1274 2788 editoribus
1311 2744 1520 2802 hucusque
1547 2745 1711 2801 ignota,

391 2815 551 2871 colleyit
575 2822 610 2857 et
631 2815 866 2871 exscripsit,
898 2814 1049 2858 deinde
1065 2828 1162 2858 'cero
1177 2823 1281 2860 totu-s
1297 2823 1527 2873 apparatus
1545 2814 1708 2867 edendi,
