1811 3256
117 233 164 277 C·
191 229 424 277 142-143-
602 251 771 283 cmvis
817 251 1035 283 METRICA.
1371 232 1465 279 683

314 372 354 416 in
390 373 635 417 memoriam
672 372 852 417 virorum
889 372 1093 417 celebravi

316 454 528 513 sexaginta
565 453 856 498 variationibus
892 454 1087 497 metricis.

316 534 371 578 Hi
407 534 611 595 principes
646 549 723 578 nec
758 535 960 578 honorem
996 549 1073 578 nec
1108 550 1175 578 res

315 615 545 674 pretiosas,
595 614 747 676 quibus
782 630 850 659 me
886 613 1056 673 dignum

317 710 410 740 esse
441 695 703 756 judicarunt,
741 696 779 739 in
819 711 1019 740 annosum
1056 710 1171 740 mare

316 776 598 836 projecerunt.
668 776 715 820 Id
750 775 864 837 quod
898 776 1045 820 honori
1081 777 1199 822 nobis
1236 783 1314 821 est.

119 857 223 901 Haec
249 857 420 901 metrica
448 857 616 902 variatio
645 856 807 917 syllabis
828 857 1075 902 harmonicis
1096 865 1223 918 caret,
1255 858 1469 908 literarum

120 952 219 981 vero
238 938 503 982 metricarum
522 938 632 982 idem
652 944 716 982 est
733 937 835 982 situs
856 953 902 982 ac
920 939 958 982 in
975 945 1110 984 metro
1125 940 1332 984 collatato.
1370 941 1465 984 Jam

120 1017 160 1062 in
181 1018 344 1064 duobus
365 1018 613 1064 carminibus
633 1019 856 1079 propositae
869 1020 1190 1078 suntsexaginta
1202 1020 1465 1077 variationes,

122 1105 165 1143 et
191 1099 362 1160 insuper
386 1100 463 1144 illae
490 1106 584 1144 octo
612 1099 793 1160 species3
832 1099 984 1159 quibus
1012 1105 1193 1144 metrum
1230 1101 1467 1145 collatatum

122 1180 254 1240 primo
274 1179 509 1225 distinctum
531 1181 620 1236 suit,
641 1179 801 1238 adJecta
821 1179 1009 1224 distincta
1030 1180 1302 1240 explicatione
1321 1180 1468 1239 cujus-

122 1276 203 1322 que
238 1262 420 1306 m'etricae
454 1261 702 1305 variationis.
773 1262 879 1315 Quae
908 1275 1052 1305 omnes
1082 1260 1327 1305 variationes
1363 1267 1469 1321 aptae

120 1348 240 1400 sunt,
277 1342 329 1386 ad
356 1357 457 1403 quas
488 1341 690 1399 carmina,
728 1341 760 1385 si
790 1340 882 1401 quis
911 1341 1031 1399 velit,
1068 1341 1254 1401 effingat.

514 1493 770 1538 TERTIUM
826 1492 1075 1538 CARMEN.

227 1601 333 1650 143.
401 1606 494 1649 Jam
529 1605 698 1649 tertium
734 1620 900 1649 carmen
937 1603 1165 1663 ordiemur,
1203 1602 1315 1664 quod
1351 1619 1472 1648 com-

123 1686 304 1746 positum
326 1692 389 1731 est
407 1685 458 1729 ad
478 1686 714 1745 exemplum
733 1692 962 1730 metrorum
976 1684 1231 1744 breviorum,
1252 1700 1301 1729 ex
1319 1684 1471 1745 quibus

124 1766 266 1811 metris
293 1767 420 1810 multa
446 1766 485 1810 in
514 1772 702 1811 veterum
731 1766 981 1811 carminibus
999 1765 1299 1810 encomiasticis
1320 1780 1472 1810 occur-

124 1854 237 1893 runt.
307 1848 387 1892 Hie
414 1847 554 1908 incipit
588 1863 767 1890 METRUM
795 1861 1080 1891 PRODUCTUM:

256 1928 333 1975 68.
387 1927 557 1973 Skulius
595 1936 685 1972 erat
719 1927 1116 1988 praestantissimus3

389 2010 478 2053 laus
514 2025 596 2054 non
632 2014 697 2053 est
732 2008 994 2066 differenda3

387 2090 492 2135 facio
528 2090 579 2135 de
615 2090 811 2134 munifico
848 2089 1030 2150 principe

387 2186 554 2216 carmen
589 2170 698 2215 varic
735 2185 983 2215 connexum.

387 2255 520 2298 Porro
557 2267 722 2296 carmen
759 2252 970 2313 proferam

389 2333 429 2377 in
466 2333 598 2394 proelii
635 2333 933 2378 concitatorem

129 2501 283 2535 retina-it
306 2500 556 2543 G.]71a9noeus
577 2502 624 2533 ad
637 2500 1089 2545 Arinbjarnar-drapam,
1116 2507 1186 2535 Str.
1202 2504 1261 2547 13,
1289 2504 1353 2536 ubi
1374 2505 1480 2537 docet

127 2559 166 2599 τὰ
193 2574 299 2606 verpa
324 2563 344 2595 ἐι
369 2573 442 2594 mar
467 2562 563 2594 idem
589 2572 672 2595 esse
706 2573 749 2594 ac
782 2563 885 2595 kasta
917 2563 938 2595 εἰ
970 2564 1054 2606 ghe,
1084 2564 1236 2606 frustra
1266 2565 1407 2607 facere.
1432 2584 1476 2588 —-

129 2623 163 2668 ³)
184 2624 322 2664 verbani,
353 2623 406 2656 W.
425 2643 470 2646 —
494 2623 527 2666 ⁴¹]
550 2624 648 2656 hunc
663 2624 812 2657 titulum
828 2635 877 2657 ex
891 2625 1053 2658 edicione
1066 2626 1476 2669 Raskiisuscepin12m5

129 2686 171 2718 in
197 2686 388 2718 codicibus
413 2685 568 2718 rubrum
593 2687 661 2719 hoc
688 2687 767 2719 loco
794 2696 869 2718 non
893 2687 1100 2730 invenitur,
1127 2688 1167 2720 in
1187 2688 1279 2731 Ray.
1301 2687 1478 2721 detritum

131 2752 200 2780 est.
224 2765 269 2772 --
297 2747 331 2789 ⁵)
359 2757 426 2779 om.
454 2747 505 2779 W.
531 2765 575 2770 —-
601 2745 636 2789 ⁶)
662 2759 684 2779 a
712 2747 797 2789 [om.
829 2747 882 2779 W.
908 2767 952 2773 —
977 2748 1010 2791 ⁷)
1039 2759 1125 2792 var,
1151 2751 1202 2782 W.
