<?xml version="1.0" encoding="UTF-8"?>
<!DOCTYPE html PUBLIC "-//W3C//DTD XHTML 1.0 Transitional//EN"
    "http://www.w3.org/TR/xhtml1/DTD/xhtml1-transitional.dtd">
<html xmlns="http://www.w3.org/1999/xhtml" xml:lang="en" lang="en">
 <head>
  <title>
</title>
<meta http-equiv="Content-Type" content="text/html;charset=utf-8" />
  <meta name='ocr-system' content='tesseract 3.04.00' />
  <meta name='ocr-capabilities' content='ocr_page ocr_carea ocr_par ocr_line ocrx_word'/>
</head>
<body>
  <div class='ocr_page' id='page_1' title='image "./eddasnorrasturlu01hafnuoft_0227.png"; bbox 0 0 1811 3256; ppageno 0'>
   <div class='ocr_carea' id='block_1_1' title="bbox 82 223 1433 274">
    <p class='ocr_par' dir='ltr' id='par_1_1' title="bbox 82 223 1433 274">
     <span class='ocr_line' id='line_1_1' title="bbox 82 223 1433 274; baseline 0.001 -3"><span class='ocrx_word' id='word_1_1' title='bbox 82 226 130 271; x_wconf 86' lang='lat' dir='ltr'><strong>C.</strong></span> <span class='ocrx_word' id='word_1_2' title='bbox 166 223 244 271; x_wconf 80' lang='lat'><strong>56.</strong></span> <span class='ocrx_word' id='word_1_3' title='bbox 541 242 787 274; x_wconf 70' lang='lat' dir='ltr'><strong>sssnMONEs</strong></span> <span class='ocrx_word' id='word_1_4' title='bbox 812 240 980 274; x_wconf 69' lang='lat' dir='ltr'><strong>numu.</strong></span> <span class='ocrx_word' id='word_1_5' title='bbox 1343 225 1433 272; x_wconf 88' lang='grc'><strong>211</strong></span> 
     </span>
    </p>
   </div>
   <div class='ocr_carea' id='block_1_2' title="bbox 79 360 1445 2720">
    <p class='ocr_par' dir='ltr' id='par_1_2' title="bbox 79 360 1445 2720">
     <span class='ocr_line' id='line_1_2' title="bbox 81 360 1439 425; baseline 0.001 -17"><span class='ocrx_word' id='word_1_6' title='bbox 81 363 283 425; x_wconf 79' lang='lat' dir='ltr'>aquilam,</span> <span class='ocrx_word' id='word_1_7' title='bbox 321 378 500 425; x_wconf 91' lang='lat' dir='ltr'><strong>eamque</strong></span> <span class='ocrx_word' id='word_1_8' title='bbox 535 360 648 407; x_wconf 89' lang='lat' dir='ltr'><strong>haud</strong></span> <span class='ocrx_word' id='word_1_9' title='bbox 682 362 897 422; x_wconf 75' lang='lat' dir='ltr'><strong>exiguam,</strong></span> <span class='ocrx_word' id='word_1_10' title='bbox 932 361 989 406; x_wconf 91' lang='lat' dir='ltr'><strong>ibi</strong></span> <span class='ocrx_word' id='word_1_11' title='bbox 1029 361 1261 407; x_wconf 82' lang='lat' dir='ltr'><strong>sedentem.</strong></span> <span class='ocrx_word' id='word_1_12' title='bbox 1330 365 1439 410; x_wconf 92' lang='lat' dir='ltr'><strong>Tum</strong></span> 
     </span>
     <span class='ocr_line' id='line_1_3' title="bbox 80 442 1436 506; baseline -0.001 -16"><span class='ocrx_word' id='word_1_13' title='bbox 80 445 241 506; x_wconf 87' lang='lat' dir='ltr'><strong>aquila:</strong></span> <span class='ocrx_word' id='word_1_14' title='bbox 279 445 311 489; x_wconf 92' lang='lat' dir='ltr'><strong>si</strong></span> <span class='ocrx_word' id='word_1_15' title='bbox 339 445 438 489; x_wconf 91' lang='lat' dir='ltr'><strong>mihi</strong></span> <span class='ocrx_word' id='word_1_16' title='bbox 468 459 517 488; x_wconf 82' lang='lat' dir='ltr'><strong>ex</strong></span> <span class='ocrx_word' id='word_1_17' title='bbox 544 443 675 503; x_wconf 74' lang='lat' dir='ltr'><strong>bove,</strong></span> <span class='ocrx_word' id='word_1_18' title='bbox 713 449 915 504; x_wconf 83' lang='lat' dir='ltr'><strong>quantum</strong></span> <span class='ocrx_word' id='word_1_19' title='bbox 936 442 987 487; x_wconf 89' lang='lat' dir='ltr'><strong>ad</strong></span> <span class='ocrx_word' id='word_1_20' title='bbox 1013 444 1249 488; x_wconf 87' lang='lat' dir='ltr'><strong>satietatem</strong></span> <span class='ocrx_word' id='word_1_21' title='bbox 1270 446 1436 497; x_wconf 67' lang='lat' dir='ltr'><strong>suffieit„</strong></span> 
     </span>
     <span class='ocr_line' id='line_1_4' title="bbox 81 523 1436 585; baseline -0.001 -14"><span class='ocrx_word' id='word_1_22' title='bbox 81 526 181 571; x_wconf 87' lang='lat' dir='ltr'><strong>dare</strong></span> <span class='ocrx_word' id='word_1_23' title='bbox 218 526 371 585; x_wconf 71' lang='lat' dir='ltr'><strong>velitis,</strong></span> <span class='ocrx_word' id='word_1_24' title='bbox 418 525 563 570; x_wconf 84' lang='lat' dir='ltr'><strong>faciam</strong></span> <span class='ocrx_word' id='word_1_25' title='bbox 598 530 646 569; x_wconf 88' lang='lat' dir='ltr'><strong>ut</strong></span> <span class='ocrx_word' id='word_1_26' title='bbox 680 539 824 568; x_wconf 80' lang='lat' dir='ltr'><strong>earnes</strong></span> <span class='ocrx_word' id='word_1_27' title='bbox 861 523 946 583; x_wconf 90' lang='lat' dir='ltr'><strong>igni</strong></span> <span class='ocrx_word' id='word_1_28' title='bbox 983 524 1187 585; x_wconf 79' lang='lat' dir='ltr'><strong>impositae</strong></span> <span class='ocrx_word' id='word_1_29' title='bbox 1214 525 1436 570; x_wconf 81' lang='lat' dir='ltr'><strong>elixentur.</strong></span> 
     </span>
     <span class='ocr_line' id='line_1_5' title="bbox 81 604 1437 669; baseline -0.001 -17"><span class='ocrx_word' id='word_1_30' title='bbox 81 608 210 663; x_wconf 86' lang='lat' dir='ltr'><strong>Quod</strong></span> <span class='ocrx_word' id='word_1_31' title='bbox 222 623 352 669; x_wconf 89' lang='lat' dir='ltr'><strong>quum</strong></span> <span class='ocrx_word' id='word_1_32' title='bbox 363 606 531 668; x_wconf 73' lang='lat' dir='ltr'><strong>polliciti</strong></span> <span class='ocrx_word' id='word_1_33' title='bbox 542 611 698 663; x_wconf 76' lang='lat' dir='ltr'><strong>essent7</strong></span> <span class='ocrx_word' id='word_1_34' title='bbox 719 605 786 648; x_wconf 88' lang='lat' dir='ltr'><strong>illa</strong></span> <span class='ocrx_word' id='word_1_35' title='bbox 807 620 852 649; x_wconf 90' lang='lat' dir='ltr'><strong>se</strong></span> <span class='ocrx_word' id='word_1_36' title='bbox 872 620 921 649; x_wconf 83' lang='lat' dir='ltr'><strong>ex</strong></span> <span class='ocrx_word' id='word_1_37' title='bbox 942 604 1093 651; x_wconf 85' lang='lat' dir='ltr'><strong>arbore</strong></span> <span class='ocrx_word' id='word_1_38' title='bbox 1105 606 1259 651; x_wconf 85' lang='lat' dir='ltr'><strong>sensim</strong></span> <span class='ocrx_word' id='word_1_39' title='bbox 1279 606 1437 651; x_wconf 85' lang='lat' dir='ltr'><strong>demit-</strong></span> 
     </span>
     <span class='ocr_line' id='line_1_6' title="bbox 80 686 1439 749; baseline -0.002 -15"><span class='ocrx_word' id='word_1_40' title='bbox 80 690 153 747; x_wconf 75' lang='lat' dir='ltr'><strong>tit,</strong></span> <span class='ocrx_word' id='word_1_41' title='bbox 190 689 368 749; x_wconf 69' lang='lat' dir='ltr'><strong>sonoque</strong></span> <span class='ocrx_word' id='word_1_42' title='bbox 397 686 580 732; x_wconf 86' lang='lat' dir='ltr'><strong>insidens</strong></span> <span class='ocrx_word' id='word_1_43' title='bbox 599 686 733 746; x_wconf 87' lang='lat' dir='ltr'><strong>primo</strong></span> <span class='ocrx_word' id='word_1_44' title='bbox 753 686 891 730; x_wconf 84' lang='lat' dir='ltr'><strong>statim</strong></span> <span class='ocrx_word' id='word_1_45' title='bbox 910 692 1102 747; x_wconf 85' lang='lat' dir='ltr'><strong>tempore</strong></span> <span class='ocrx_word' id='word_1_46' title='bbox 1121 694 1350 749; x_wconf 86' lang='lat' dir='ltr'><strong>utrumque</strong></span> <span class='ocrx_word' id='word_1_47' title='bbox 1371 688 1439 732; x_wconf 85' lang='lat' dir='ltr'><strong>fe-</strong></span> 
     </span>
     <span class='ocr_line' id='line_1_7' title="bbox 80 768 1439 828; baseline -0.001 -13"><span class='ocrx_word' id='word_1_48' title='bbox 80 786 177 814; x_wconf 88' lang='lat' dir='ltr'><strong>mur</strong></span> <span class='ocrx_word' id='word_1_49' title='bbox 199 770 316 815; x_wconf 89' lang='lat' dir='ltr'><strong>bovis</strong></span> <span class='ocrx_word' id='word_1_50' title='bbox 346 775 388 813; x_wconf 89' lang='lat' dir='ltr'><strong>et</strong></span> <span class='ocrx_word' id='word_1_51' title='bbox 412 774 640 828; x_wconf 89' lang='lat' dir='ltr'><strong>utrumque</strong></span> <span class='ocrx_word' id='word_1_52' title='bbox 670 782 831 811; x_wconf 87' lang='lat' dir='ltr'><strong>armum</strong></span> <span class='ocrx_word' id='word_1_53' title='bbox 861 768 1042 812; x_wconf 90' lang='lat' dir='ltr'><strong>sustulit.</strong></span> <span class='ocrx_word' id='word_1_54' title='bbox 1113 769 1208 823; x_wconf 88' lang='lat' dir='ltr'><strong>Qua</strong></span> <span class='ocrx_word' id='word_1_55' title='bbox 1236 785 1282 813; x_wconf 89' lang='lat' dir='ltr'><strong>re</strong></span> <span class='ocrx_word' id='word_1_56' title='bbox 1309 769 1439 813; x_wconf 87' lang='lat' dir='ltr'><strong>iratus</strong></span> 
     </span>
     <span class='ocr_line' id='line_1_8' title="bbox 79 848 1441 909; baseline -0.001 -13"><span class='ocrx_word' id='word_1_57' title='bbox 79 850 237 896; x_wconf 86' lang='lat' dir='ltr'><strong>Lokius</strong></span> <span class='ocrx_word' id='word_1_58' title='bbox 264 849 471 895; x_wconf 79' lang='lat' dir='ltr'>sublatam</span> <span class='ocrx_word' id='word_1_59' title='bbox 500 848 713 908; x_wconf 88' lang='lat' dir='ltr'><strong>ingentem</strong></span> <span class='ocrx_word' id='word_1_60' title='bbox 742 848 943 909; x_wconf 83' lang='lat' dir='ltr'><strong>perticam</strong></span> <span class='ocrx_word' id='word_1_61' title='bbox 963 849 1059 894; x_wconf 89' lang='lat' dir='ltr'><strong>totis</strong></span> <span class='ocrx_word' id='word_1_62' title='bbox 1079 849 1234 895; x_wconf 85' lang='lat' dir='ltr'><strong>viribus</strong></span> <span class='ocrx_word' id='word_1_63' title='bbox 1253 849 1378 894; x_wconf 85' lang='lat' dir='ltr'><strong>librat</strong></span> <span class='ocrx_word' id='word_1_64' title='bbox 1398 855 1441 894; x_wconf 84' lang='lat' dir='ltr'><strong>et</strong></span> 
     </span>
     <span class='ocr_line' id='line_1_9' title="bbox 81 929 1438 993; baseline -0.001 -17"><span class='ocrx_word' id='word_1_65' title='bbox 81 932 122 976; x_wconf 91' lang='lat' dir='ltr'><strong>in</strong></span> <span class='ocrx_word' id='word_1_66' title='bbox 167 947 318 993; x_wconf 84' lang='lat' dir='ltr'><strong>corpus</strong></span> <span class='ocrx_word' id='word_1_67' title='bbox 364 930 513 992; x_wconf 81' lang='lat' dir='ltr'><strong>aquilae</strong></span> <span class='ocrx_word' id='word_1_68' title='bbox 554 929 716 975; x_wconf 85' lang='lat' dir='ltr'><strong>incutit.</strong></span> <span class='ocrx_word' id='word_1_69' title='bbox 803 931 901 985; x_wconf 88' lang='lat' dir='ltr'><strong>Quo</strong></span> <span class='ocrx_word' id='word_1_70' title='bbox 943 929 1028 975; x_wconf 85' lang='lat' dir='ltr'><strong>ictu</strong></span> <span class='ocrx_word' id='word_1_71' title='bbox 1078 931 1255 975; x_wconf 80' lang='lat' dir='ltr'><strong>excitata</strong></span> <span class='ocrx_word' id='word_1_72' title='bbox 1300 930 1438 991; x_wconf 86' lang='lat' dir='ltr'><strong>aquila</strong></span> 
     </span>
     <span class='ocr_line' id='line_1_10' title="bbox 81 1010 1438 1074; baseline -0.001 -17"><span class='ocrx_word' id='word_1_73' title='bbox 81 1028 213 1074; x_wconf 91' lang='lat' dir='ltr'><strong>quum</strong></span> <span class='ocrx_word' id='word_1_74' title='bbox 249 1012 459 1070; x_wconf 76' lang='lat' dir='ltr'><strong>evolaret7</strong></span> <span class='ocrx_word' id='word_1_75' title='bbox 519 1010 676 1071; x_wconf 83' lang='lat' dir='ltr'><strong>pertica</strong></span> <span class='ocrx_word' id='word_1_76' title='bbox 721 1011 885 1071; x_wconf 85' lang='lat' dir='ltr'>corpori</span> <span class='ocrx_word' id='word_1_77' title='bbox 928 1011 1075 1073; x_wconf 58' lang='lat' dir='ltr'><strong>aquilae</strong></span> <span class='ocrx_word' id='word_1_78' title='bbox 1107 1012 1193 1072; x_wconf 90' lang='lat' dir='ltr'><strong>jam</strong></span> <span class='ocrx_word' id='word_1_79' title='bbox 1238 1011 1438 1057; x_wconf 78' lang='lat' dir='ltr'><strong>adhaese-</strong></span> 
     </span>
     <span class='ocr_line' id='line_1_11' title="bbox 79 1090 1438 1154; baseline -0.001 -16"><span class='ocrx_word' id='word_1_80' title='bbox 79 1100 167 1154; x_wconf 75' lang='lat' dir='ltr'><strong>rat,</strong></span> <span class='ocrx_word' id='word_1_81' title='bbox 227 1107 459 1153; x_wconf 87' lang='lat' dir='ltr'><strong>manusque</strong></span> <span class='ocrx_word' id='word_1_82' title='bbox 493 1090 615 1137; x_wconf 87' lang='lat' dir='ltr'><strong>Lokii</strong></span> <span class='ocrx_word' id='word_1_83' title='bbox 651 1091 768 1136; x_wconf 82' lang='lat' dir='ltr'><strong>alteri</strong></span> <span class='ocrx_word' id='word_1_84' title='bbox 805 1090 896 1151; x_wconf 88' lang='lat' dir='ltr'><strong>ejus</strong></span> <span class='ocrx_word' id='word_1_85' title='bbox 933 1093 1204 1138; x_wconf 82' lang='lat' dir='ltr'><strong>extremitati.</strong></span> <span class='ocrx_word' id='word_1_86' title='bbox 1283 1093 1438 1153; x_wconf 90' lang='lat' dir='ltr'><strong>Aquila</strong></span> 
     </span>
     <span class='ocr_line' id='line_1_12' title="bbox 80 1172 1439 1235; baseline -0.001 -15"><span class='ocrx_word' id='word_1_87' title='bbox 80 1181 165 1220; x_wconf 89' lang='lat' dir='ltr'><strong>tam</strong></span> <span class='ocrx_word' id='word_1_88' title='bbox 186 1174 267 1219; x_wconf 89' lang='lat' dir='ltr'><strong>alte</strong></span> <span class='ocrx_word' id='word_1_89' title='bbox 286 1173 452 1232; x_wconf 74' lang='lat' dir='ltr'><strong>volavit,</strong></span> <span class='ocrx_word' id='word_1_90' title='bbox 488 1179 537 1217; x_wconf 89' lang='lat' dir='ltr'><strong>ut</strong></span> <span class='ocrx_word' id='word_1_91' title='bbox 564 1172 672 1232; x_wconf 89' lang='lat' dir='ltr'><strong>(non</strong></span> <span class='ocrx_word' id='word_1_92' title='bbox 692 1172 814 1217; x_wconf 90' lang='lat' dir='ltr'><strong>altius</strong></span> <span class='ocrx_word' id='word_1_93' title='bbox 840 1172 1012 1233; x_wconf 79' lang='lat' dir='ltr'><strong>volavit,</strong></span> <span class='ocrx_word' id='word_1_94' title='bbox 1050 1189 1175 1235; x_wconf 90' lang='lat' dir='ltr'><strong>quam</strong></span> <span class='ocrx_word' id='word_1_95' title='bbox 1201 1173 1273 1234; x_wconf 89' lang='lat' dir='ltr'><strong>ut)</strong></span> <span class='ocrx_word' id='word_1_96' title='bbox 1309 1173 1439 1235; x_wconf 89' lang='lat' dir='ltr'><strong>pedes</strong></span> 
     </span>
     <span class='ocr_line' id='line_1_13' title="bbox 82 1253 1440 1316; baseline -0.001 -15"><span class='ocrx_word' id='word_1_97' title='bbox 82 1256 250 1316; x_wconf 88' lang='lat' dir='ltr'><strong>(Lokii)</strong></span> <span class='ocrx_word' id='word_1_98' title='bbox 271 1270 385 1315; x_wconf 69' lang='lat' dir='ltr'><strong>saxa,</strong></span> <span class='ocrx_word' id='word_1_99' title='bbox 422 1260 587 1316; x_wconf 82' lang='lat' dir='ltr'><strong>aspreta</strong></span> <span class='ocrx_word' id='word_1_100' title='bbox 607 1260 650 1298; x_wconf 87' lang='lat' dir='ltr'><strong>et</strong></span> <span class='ocrx_word' id='word_1_101' title='bbox 667 1253 842 1314; x_wconf 83' lang='lat' dir='ltr'><strong>virgulta</strong></span> <span class='ocrx_word' id='word_1_102' title='bbox 861 1253 1150 1314; x_wconf 86' lang='lat' dir='ltr'><strong>adtingerent:</strong></span> <span class='ocrx_word' id='word_1_103' title='bbox 1186 1255 1272 1315; x_wconf 72' lang='lat' dir='ltr'><strong>ille,</strong></span> <span class='ocrx_word' id='word_1_104' title='bbox 1301 1255 1440 1300; x_wconf 78' lang='lat' dir='ltr'><strong>lacer-</strong></span> 
     </span>
     <span class='ocr_line' id='line_1_14' title="bbox 81 1335 1440 1398; baseline -0.002 -14"><span class='ocrx_word' id='word_1_105' title='bbox 81 1344 147 1384; x_wconf 87' lang='lat' dir='ltr'><strong>tos</strong></span> <span class='ocrx_word' id='word_1_106' title='bbox 167 1337 244 1383; x_wconf 92' lang='lat' dir='ltr'><strong>sibi</strong></span> <span class='ocrx_word' id='word_1_107' title='bbox 264 1352 314 1382; x_wconf 83' lang='lat' dir='ltr'><strong>ex</strong></span> <span class='ocrx_word' id='word_1_108' title='bbox 335 1336 465 1381; x_wconf 82' lang='lat' dir='ltr'><strong>axillis</strong></span> <span class='ocrx_word' id='word_1_109' title='bbox 486 1335 674 1380; x_wconf 88' lang='lat' dir='ltr'><strong>evulsum</strong></span> <span class='ocrx_word' id='word_1_110' title='bbox 703 1335 751 1380; x_wconf 89' lang='lat' dir='ltr'><strong>iri</strong></span> <span class='ocrx_word' id='word_1_111' title='bbox 771 1342 920 1396; x_wconf 86' lang='lat' dir='ltr'><strong>putans</strong></span> <span class='ocrx_word' id='word_1_112' title='bbox 938 1369 949 1394; x_wconf 62' lang='lat'>7</span> <span class='ocrx_word' id='word_1_113' title='bbox 986 1336 1168 1382; x_wconf 82' lang='lat' dir='ltr'><strong>clamare</strong></span> <span class='ocrx_word' id='word_1_114' title='bbox 1197 1342 1240 1382; x_wconf 89' lang='lat' dir='ltr'><strong>et</strong></span> <span class='ocrx_word' id='word_1_115' title='bbox 1258 1337 1440 1398; x_wconf 85' lang='lat' dir='ltr'><strong>aquilam</strong></span> 
     </span>
     <span class='ocr_line' id='line_1_15' title="bbox 81 1416 1441 1481; baseline -0.003 -16"><span class='ocrx_word' id='word_1_116' title='bbox 81 1419 323 1481; x_wconf 83' lang='lat' dir='ltr'><strong>suppliciter</strong></span> <span class='ocrx_word' id='word_1_117' title='bbox 341 1433 478 1477; x_wconf 77' lang='lat' dir='ltr'><strong>orare,</strong></span> <span class='ocrx_word' id='word_1_118' title='bbox 515 1416 592 1462; x_wconf 91' lang='lat' dir='ltr'><strong>sibi</strong></span> <span class='ocrx_word' id='word_1_119' title='bbox 610 1422 658 1461; x_wconf 88' lang='lat' dir='ltr'><strong>ut</strong></span> <span class='ocrx_word' id='word_1_120' title='bbox 676 1423 832 1477; x_wconf 86' lang='lat' dir='ltr'><strong>parcat.</strong></span> <span class='ocrx_word' id='word_1_121' title='bbox 877 1417 952 1462; x_wconf 87' lang='lat' dir='ltr'><strong>Illa</strong></span> <span class='ocrx_word' id='word_1_122' title='bbox 972 1433 1070 1463; x_wconf 87' lang='lat' dir='ltr'><strong>vero</strong></span> <span class='ocrx_word' id='word_1_123' title='bbox 1089 1433 1260 1478; x_wconf 75' lang='lat' dir='ltr'><strong>negare,</strong></span> <span class='ocrx_word' id='word_1_124' title='bbox 1282 1433 1327 1463; x_wconf 90' lang='lat' dir='ltr'><strong>se</strong></span> <span class='ocrx_word' id='word_1_125' title='bbox 1346 1418 1441 1461; x_wconf 94' lang='lat' dir='ltr'><strong>Lo-</strong></span> 
     </span>
     <span class='ocr_line' id='line_1_16' title="bbox 79 1497 1441 1561; baseline -0.002 -16"><span class='ocrx_word' id='word_1_126' title='bbox 79 1500 195 1546; x_wconf 84' lang='lat' dir='ltr'><strong>kium</strong></span> <span class='ocrx_word' id='word_1_127' title='bbox 228 1514 414 1561; x_wconf 87' lang='lat' dir='ltr'><strong>unquam</strong></span> <span class='ocrx_word' id='word_1_128' title='bbox 449 1498 623 1543; x_wconf 87' lang='lat' dir='ltr'><strong>missum</strong></span> <span class='ocrx_word' id='word_1_129' title='bbox 659 1499 887 1558; x_wconf 75' lang='lat' dir='ltr'><strong>facturam,</strong></span> <span class='ocrx_word' id='word_1_130' title='bbox 932 1499 1009 1544; x_wconf 91' lang='lat' dir='ltr'><strong>nisi</strong></span> <span class='ocrx_word' id='word_1_131' title='bbox 1030 1498 1326 1560; x_wconf 86' lang='lat' dir='ltr'><strong>jusjurandum</strong></span> <span class='ocrx_word' id='word_1_132' title='bbox 1362 1497 1441 1544; x_wconf 91' lang='lat' dir='ltr'><strong>sihi</strong></span> 
     </span>
     <span class='ocr_line' id='line_1_17' title="bbox 82 1579 1441 1642; baseline -0.001 -16"><span class='ocrx_word' id='word_1_133' title='bbox 82 1581 275 1640; x_wconf 71' lang='lat' dir='ltr'><strong>dixisset7</strong></span> <span class='ocrx_word' id='word_1_134' title='bbox 312 1580 519 1625; x_wconf 83' lang='lat' dir='ltr'><strong>facturum</strong></span> <span class='ocrx_word' id='word_1_135' title='bbox 545 1595 662 1639; x_wconf 76' lang='lat' dir='ltr'><strong>sese,</strong></span> <span class='ocrx_word' id='word_1_136' title='bbox 698 1586 746 1625; x_wconf 90' lang='lat' dir='ltr'><strong>ut</strong></span> <span class='ocrx_word' id='word_1_137' title='bbox 764 1579 925 1625; x_wconf 90' lang='lat' dir='ltr'><strong>Idunna</strong></span> <span class='ocrx_word' id='word_1_138' title='bbox 954 1596 1049 1625; x_wconf 88' lang='lat' dir='ltr'><strong>cum</strong></span> <span class='ocrx_word' id='word_1_139' title='bbox 1077 1580 1212 1642; x_wconf 89' lang='lat' dir='ltr'><strong>pomis</strong></span> <span class='ocrx_word' id='word_1_140' title='bbox 1238 1580 1323 1626; x_wconf 90' lang='lat' dir='ltr'><strong>suis</strong></span> <span class='ocrx_word' id='word_1_141' title='bbox 1351 1580 1441 1624; x_wconf 86' lang='lat' dir='ltr'><strong>As-</strong></span> 
     </span>
     <span class='ocr_line' id='line_1_18' title="bbox 81 1660 1441 1723; baseline -0.001 -17"><span class='ocrx_word' id='word_1_142' title='bbox 81 1661 212 1723; x_wconf 88' lang='lat' dir='ltr'><strong>gardo</strong></span> <span class='ocrx_word' id='word_1_143' title='bbox 232 1660 522 1721; x_wconf 84' lang='lat' dir='ltr'><strong>egrederetur.</strong></span> <span class='ocrx_word' id='word_1_144' title='bbox 569 1660 696 1716; x_wconf 86' lang='lat' dir='ltr'><strong>Quod</strong></span> <span class='ocrx_word' id='word_1_145' title='bbox 716 1677 845 1723; x_wconf 92' lang='lat' dir='ltr'><strong>quum</strong></span> <span class='ocrx_word' id='word_1_146' title='bbox 863 1661 1023 1707; x_wconf 87' lang='lat' dir='ltr'><strong>Lokius</strong></span> <span class='ocrx_word' id='word_1_147' title='bbox 1050 1677 1094 1706; x_wconf 88' lang='lat' dir='ltr'><strong>se</strong></span> <span class='ocrx_word' id='word_1_148' title='bbox 1114 1662 1320 1707; x_wconf 79' lang='lat' dir='ltr'><strong>facturum</strong></span> <span class='ocrx_word' id='word_1_149' title='bbox 1340 1661 1441 1722; x_wconf 85' lang='lat' dir='ltr'><strong>pol-</strong></span> 
     </span>
     <span class='ocr_line' id='line_1_19' title="bbox 81 1742 1441 1803; baseline -0.001 -16"><span class='ocrx_word' id='word_1_150' title='bbox 81 1743 216 1787; x_wconf 74' lang='lat' dir='ltr'><strong>licitus</strong></span> <span class='ocrx_word' id='word_1_151' title='bbox 244 1748 380 1801; x_wconf 74' lang='lat' dir='ltr'><strong>esset,</strong></span> <span class='ocrx_word' id='word_1_152' title='bbox 425 1742 617 1786; x_wconf 87' lang='lat' dir='ltr'><strong>dimissus</strong></span> <span class='ocrx_word' id='word_1_153' title='bbox 649 1742 699 1786; x_wconf 87' lang='lat' dir='ltr'><strong>ad</strong></span> <span class='ocrx_word' id='word_1_154' title='bbox 728 1743 861 1787; x_wconf 75' lang='lat' dir='ltr'><strong>socios</strong></span> <span class='ocrx_word' id='word_1_155' title='bbox 889 1759 987 1787; x_wconf 87' lang='lat' dir='ltr'><strong>suos</strong></span> <span class='ocrx_word' id='word_1_156' title='bbox 1013 1742 1145 1799; x_wconf 82' lang='lat' dir='ltr'><strong>redit3</strong></span> <span class='ocrx_word' id='word_1_157' title='bbox 1182 1742 1234 1787; x_wconf 90' lang='lat' dir='ltr'><strong>de</strong></span> <span class='ocrx_word' id='word_1_158' title='bbox 1260 1757 1441 1803; x_wconf 87' lang='lat' dir='ltr'><strong>quorum</strong></span> 
     </span>
     <span class='ocr_line' id='line_1_20' title="bbox 82 1823 1441 1884; baseline -0.001 -16"><span class='ocrx_word' id='word_1_159' title='bbox 82 1824 231 1868; x_wconf 86' lang='lat' dir='ltr'><strong>itinere</strong></span> <span class='ocrx_word' id='word_1_160' title='bbox 251 1839 334 1867; x_wconf 89' lang='lat' dir='ltr'><strong>non</strong></span> <span class='ocrx_word' id='word_1_161' title='bbox 354 1824 473 1884; x_wconf 89' lang='lat' dir='ltr'><strong>plura</strong></span> <span class='ocrx_word' id='word_1_162' title='bbox 485 1824 727 1868; x_wconf 85' lang='lat' dir='ltr'><strong>reseruntur</strong></span> <span class='ocrx_word' id='word_1_163' title='bbox 738 1825 940 1868; x_wconf 85' lang='lat' dir='ltr'><strong>memoria</strong></span> <span class='ocrx_word' id='word_1_164' title='bbox 961 1823 1100 1883; x_wconf 61' lang='lat' dir='ltr'><strong>digna,</strong></span> <span class='ocrx_word' id='word_1_165' title='bbox 1121 1823 1256 1869; x_wconf 83' lang='lat' dir='ltr'><strong>donec</strong></span> <span class='ocrx_word' id='word_1_166' title='bbox 1268 1823 1441 1868; x_wconf 87' lang='lat' dir='ltr'><strong>domum</strong></span> 
     </span>
     <span class='ocr_line' id='line_1_21' title="bbox 81 1904 1442 1966; baseline -0.001 -16"><span class='ocrx_word' id='word_1_167' title='bbox 81 1910 379 1966; x_wconf 79' lang='lat' dir='ltr'><strong>pervenerunt.</strong></span> <span class='ocrx_word' id='word_1_168' title='bbox 416 1905 576 1949; x_wconf 90' lang='lat' dir='ltr'><strong>Verum</strong></span> <span class='ocrx_word' id='word_1_169' title='bbox 601 1904 826 1949; x_wconf 77' lang='lat' dir='ltr'><strong>constituto</strong></span> <span class='ocrx_word' id='word_1_170' title='bbox 847 1911 1038 1965; x_wconf 82' lang='lat' dir='ltr'><strong>tempore</strong></span> <span class='ocrx_word' id='word_1_171' title='bbox 1057 1905 1214 1950; x_wconf 87' lang='lat' dir='ltr'><strong>Lokius</strong></span> <span class='ocrx_word' id='word_1_172' title='bbox 1235 1904 1442 1950; x_wconf 86' lang='lat' dir='ltr'><strong>Idunnam</strong></span> 
     </span>
     <span class='ocr_line' id='line_1_22' title="bbox 81 1984 1442 2047; baseline -0.001 -17"><span class='ocrx_word' id='word_1_173' title='bbox 81 1984 275 2045; x_wconf 86' lang='lat' dir='ltr'><strong>Asgardo</strong></span> <span class='ocrx_word' id='word_1_174' title='bbox 301 1984 342 2028; x_wconf 90' lang='lat' dir='ltr'><strong>in</strong></span> <span class='ocrx_word' id='word_1_175' title='bbox 362 1985 514 2046; x_wconf 66' lang='lat' dir='ltr'><strong>sylvam</strong></span> <span class='ocrx_word' id='word_1_176' title='bbox 536 1986 715 2046; x_wconf 83' lang='lat' dir='ltr'><strong>aliquam</strong></span> <span class='ocrx_word' id='word_1_177' title='bbox 736 1986 859 2044; x_wconf 72' lang='lat' dir='ltr'><strong>elicit,</strong></span> <span class='ocrx_word' id='word_1_178' title='bbox 896 1987 1122 2044; x_wconf 77' lang='lat' dir='ltr'><strong>simulans,</strong></span> <span class='ocrx_word' id='word_1_179' title='bbox 1157 2002 1204 2031; x_wconf 89' lang='lat' dir='ltr'><strong>se</strong></span> <span class='ocrx_word' id='word_1_180' title='bbox 1224 2001 1346 2047; x_wconf 85' lang='lat' dir='ltr'><strong>poma</strong></span> <span class='ocrx_word' id='word_1_181' title='bbox 1366 2001 1442 2029; x_wconf 89' lang='lat' dir='ltr'><strong>re-</strong></span> 
     </span>
     <span class='ocr_line' id='line_1_23' title="bbox 82 2066 1442 2129; baseline 0 -18"><span class='ocrx_word' id='word_1_182' title='bbox 82 2067 267 2129; x_wconf 76' lang='lat' dir='ltr'><strong>perisse,</strong></span> <span class='ocrx_word' id='word_1_183' title='bbox 304 2081 397 2127; x_wconf 86' lang='lat' dir='ltr'><strong>quae</strong></span> <span class='ocrx_word' id='word_1_184' title='bbox 425 2066 514 2128; x_wconf 90' lang='lat' dir='ltr'><strong>ipsa</strong></span> <span class='ocrx_word' id='word_1_185' title='bbox 540 2066 653 2111; x_wconf 92' lang='lat' dir='ltr'><strong>haud</strong></span> <span class='ocrx_word' id='word_1_186' title='bbox 678 2066 804 2112; x_wconf 89' lang='lat' dir='ltr'><strong>dubie</strong></span> <span class='ocrx_word' id='word_1_187' title='bbox 830 2067 971 2127; x_wconf 86' lang='lat' dir='ltr'><strong>magni</strong></span> <span class='ocrx_word' id='word_1_188' title='bbox 998 2067 1119 2129; x_wconf 88' lang='lat' dir='ltr'><strong>pretii</strong></span> <span class='ocrx_word' id='word_1_189' title='bbox 1156 2067 1442 2112; x_wconf 74' lang='lat' dir='ltr'><strong>existimatum</strong></span> 
     </span>
     <span class='ocr_line' id='line_1_24' title="bbox 83 2147 1442 2209; baseline -0.001 -16"><span class='ocrx_word' id='word_1_190' title='bbox 83 2154 219 2207; x_wconf 74' lang='lat' dir='ltr'><strong>esset,</strong></span> <span class='ocrx_word' id='word_1_191' title='bbox 254 2147 522 2209; x_wconf 73' lang='lat' dir='ltr'><strong>rogavitque,</strong></span> <span class='ocrx_word' id='word_1_192' title='bbox 558 2154 607 2192; x_wconf 81' lang='lat' dir='ltr'><strong>ut</strong></span> <span class='ocrx_word' id='word_1_193' title='bbox 630 2163 705 2192; x_wconf 90' lang='lat' dir='ltr'><strong>sua</strong></span> <span class='ocrx_word' id='word_1_194' title='bbox 733 2164 857 2209; x_wconf 85' lang='lat' dir='ltr'><strong>poma</strong></span> <span class='ocrx_word' id='word_1_195' title='bbox 884 2164 1027 2194; x_wconf 85' lang='lat' dir='ltr'><strong>secum</strong></span> <span class='ocrx_word' id='word_1_196' title='bbox 1059 2148 1244 2194; x_wconf 81' lang='lat' dir='ltr'><strong>adferret</strong></span> <span class='ocrx_word' id='word_1_197' title='bbox 1270 2153 1314 2192; x_wconf 84' lang='lat' dir='ltr'><strong>et</strong></span> <span class='ocrx_word' id='word_1_198' title='bbox 1348 2163 1442 2192; x_wconf 86' lang='lat' dir='ltr'><strong>cum</strong></span> 
     </span>
     <span class='ocr_line' id='line_1_25' title="bbox 82 2228 1444 2290; baseline 0 -16"><span class='ocrx_word' id='word_1_199' title='bbox 82 2229 161 2274; x_wconf 89' lang='lat' dir='ltr'><strong>illis</strong></span> <span class='ocrx_word' id='word_1_200' title='bbox 182 2234 460 2289; x_wconf 80' lang='lat' dir='ltr'><strong>compararet.</strong></span> <span class='ocrx_word' id='word_1_201' title='bbox 531 2230 649 2273; x_wconf 84' lang='lat' dir='ltr'><strong>Tunc</strong></span> <span class='ocrx_word' id='word_1_202' title='bbox 669 2244 720 2273; x_wconf 91' lang='lat' dir='ltr'><strong>eo</strong></span> <span class='ocrx_word' id='word_1_203' title='bbox 740 2228 906 2274; x_wconf 82' lang='lat' dir='ltr'><strong>advenit</strong></span> <span class='ocrx_word' id='word_1_204' title='bbox 926 2230 1041 2290; x_wconf 80' lang='lat' dir='ltr'><strong>gigas</strong></span> <span class='ocrx_word' id='word_1_205' title='bbox 1062 2229 1294 2290; x_wconf 78' lang='lat' dir='ltr'><strong>Thjassius,</strong></span> <span class='ocrx_word' id='word_1_206' title='bbox 1331 2244 1444 2274; x_wconf 80' lang='lat' dir='ltr'><strong>exu-</strong></span> 
     </span>
     <span class='ocr_line' id='line_1_26' title="bbox 81 2308 1444 2371; baseline -0.001 -16"><span class='ocrx_word' id='word_1_207' title='bbox 81 2310 154 2355; x_wconf 87' lang='lat' dir='ltr'><strong>viis</strong></span> <span class='ocrx_word' id='word_1_208' title='bbox 174 2310 363 2371; x_wconf 90' lang='lat' dir='ltr'><strong>aquilinis</strong></span> <span class='ocrx_word' id='word_1_209' title='bbox 382 2308 570 2369; x_wconf 75' lang='lat' dir='ltr'><strong>indutus7</strong></span> <span class='ocrx_word' id='word_1_210' title='bbox 605 2315 767 2370; x_wconf 88' lang='lat' dir='ltr'><strong>raptam</strong></span> <span class='ocrx_word' id='word_1_211' title='bbox 785 2309 990 2355; x_wconf 89' lang='lat' dir='ltr'><strong>Idunnam</strong></span> <span class='ocrx_word' id='word_1_212' title='bbox 1010 2327 1153 2356; x_wconf 80' lang='lat' dir='ltr'><strong>secum</strong></span> <span class='ocrx_word' id='word_1_213' title='bbox 1173 2311 1340 2356; x_wconf 88' lang='lat' dir='ltr'><strong>avolans</strong></span> <span class='ocrx_word' id='word_1_214' title='bbox 1361 2326 1444 2355; x_wconf 90' lang='lat' dir='ltr'><strong>au-</strong></span> 
     </span>
     <span class='ocr_line' id='line_1_27' title="bbox 84 2391 1443 2452; baseline -0.001 -16"><span class='ocrx_word' id='word_1_215' title='bbox 84 2391 165 2436; x_wconf 83' lang='lat' dir='ltr'><strong>fert</strong></span> <span class='ocrx_word' id='word_1_216' title='bbox 183 2397 226 2436; x_wconf 85' lang='lat' dir='ltr'><strong>et</strong></span> <span class='ocrx_word' id='word_1_217' title='bbox 243 2391 284 2435; x_wconf 91' lang='lat' dir='ltr'><strong>in</strong></span> <span class='ocrx_word' id='word_1_218' title='bbox 304 2391 644 2452; x_wconf 78' lang='lat' dir='ltr'><strong>Thrymheimum</strong></span> <span class='ocrx_word' id='word_1_219' title='bbox 666 2391 837 2436; x_wconf 87' lang='lat' dir='ltr'><strong>domum</strong></span> <span class='ocrx_word' id='word_1_220' title='bbox 858 2408 976 2437; x_wconf 88' lang='lat' dir='ltr'><strong>suam</strong></span> <span class='ocrx_word' id='word_1_221' title='bbox 993 2392 1172 2437; x_wconf 78' lang='lat' dir='ltr'><strong>reducit.</strong></span> <span class='ocrx_word' id='word_1_222' title='bbox 1224 2393 1324 2437; x_wconf 79' lang='lat' dir='ltr'><strong>Asae</strong></span> <span class='ocrx_word' id='word_1_223' title='bbox 1344 2407 1443 2436; x_wconf 88' lang='lat' dir='ltr'><strong>vero</strong></span> 
     </span>
     <span class='ocr_line' id='line_1_28' title="bbox 83 2471 1444 2534; baseline 0 -18"><span class='ocrx_word' id='word_1_224' title='bbox 83 2471 288 2516; x_wconf 80' lang='lat' dir='ltr'><strong>Idunnam</strong></span> <span class='ocrx_word' id='word_1_225' title='bbox 315 2487 338 2516; x_wconf 87' lang='lat' dir='ltr'><strong>e</strong></span> <span class='ocrx_word' id='word_1_226' title='bbox 365 2478 591 2533; x_wconf 81' lang='lat' dir='ltr'><strong>conspeetu</strong></span> <span class='ocrx_word' id='word_1_227' title='bbox 619 2472 799 2518; x_wconf 87' lang='lat' dir='ltr'><strong>ablatam</strong></span> <span class='ocrx_word' id='word_1_228' title='bbox 829 2488 923 2518; x_wconf 89' lang='lat' dir='ltr'><strong>esse</strong></span> <span class='ocrx_word' id='word_1_229' title='bbox 953 2488 1066 2534; x_wconf 76' lang='lat' dir='ltr'><strong>aegre</strong></span> <span class='ocrx_word' id='word_1_230' title='bbox 1086 2472 1300 2532; x_wconf 74' lang='lat' dir='ltr'><strong>serebant,</strong></span> <span class='ocrx_word' id='word_1_231' title='bbox 1336 2471 1444 2517; x_wconf 88' lang='lat' dir='ltr'><strong>bre-</strong></span> 
     </span>
     <span class='ocr_line' id='line_1_29' title="bbox 84 2552 1445 2616; baseline 0 -19"><span class='ocrx_word' id='word_1_232' title='bbox 84 2552 207 2614; x_wconf 89' lang='lat' dir='ltr'><strong>vique</strong></span> <span class='ocrx_word' id='word_1_233' title='bbox 226 2553 316 2598; x_wconf 83' lang='lat' dir='ltr'><strong>cani</strong></span> <span class='ocrx_word' id='word_1_234' title='bbox 335 2558 378 2598; x_wconf 86' lang='lat' dir='ltr'><strong>et</strong></span> <span class='ocrx_word' id='word_1_235' title='bbox 395 2569 517 2598; x_wconf 86' lang='lat' dir='ltr'><strong>senes</strong></span> <span class='ocrx_word' id='word_1_236' title='bbox 535 2553 838 2599; x_wconf 87' lang='lat' dir='ltr'><strong>reddebantur.</strong></span> <span class='ocrx_word' id='word_1_237' title='bbox 907 2556 1055 2616; x_wconf 88' lang='lat' dir='ltr'><strong>Itaque</strong></span> <span class='ocrx_word' id='word_1_238' title='bbox 1074 2554 1218 2601; x_wconf 86' lang='lat' dir='ltr'><strong>habito</strong></span> <span class='ocrx_word' id='word_1_239' title='bbox 1239 2560 1445 2600; x_wconf 87' lang='lat' dir='ltr'><strong>conventu</strong></span> 
     </span>
     <span class='ocr_line' id='line_1_30' title="bbox 85 2667 1444 2720; baseline 0.002 -20"><span class='ocrx_word' id='word_1_240' title='bbox 85 2667 194 2714; x_wconf 73' lang='lat' dir='ltr'><strong>spvnu</strong></span> <span class='ocrx_word' id='word_1_241' title='bbox 218 2669 303 2701; x_wconf 83' lang='lat' dir='ltr'><strong>veri.</strong></span> <span class='ocrx_word' id='word_1_242' title='bbox 350 2671 402 2702; x_wconf 89' lang='lat' dir='ltr'><strong>En</strong></span> <span class='ocrx_word' id='word_1_243' title='bbox 428 2681 464 2703; x_wconf 87' lang='lat' dir='ltr'><strong>er</strong></span> <span class='ocrx_word' id='word_1_244' title='bbox 488 2670 566 2718; x_wconf 61' lang='grc' dir='ltr'><strong>ῥεῖν</strong></span> <span class='ocrx_word' id='word_1_245' title='bbox 590 2671 686 2703; x_wconf 84' lang='lat' dir='ltr'><strong>visso</strong></span> <span class='ocrx_word' id='word_1_246' title='bbox 710 2682 773 2704; x_wconf 80' lang='lat' dir='ltr'><strong>var</strong></span> <span class='ocrx_word' id='word_1_247' title='bbox 797 2672 898 2706; x_wconf 76' lang='lat' dir='ltr'><strong>Loka</strong></span> <span class='ocrx_word' id='word_1_248' title='bbox 922 2671 1033 2720; x_wconf 76' lang='lat' dir='ltr'><strong>heitsp</strong></span> <span class='ocrx_word' id='word_1_249' title='bbox 1058 2673 1158 2708; x_wconf 82' lang='lat' dir='ltr'><strong>bana.</strong></span> <span class='ocrx_word' id='word_1_250' title='bbox 1183 2693 1228 2698; x_wconf 90' lang='lat'>—</span> <span class='ocrx_word' id='word_1_251' title='bbox 1258 2671 1304 2716; x_wconf 79' lang='lat'><strong>¹⁶)</strong></span> <span class='ocrx_word' id='word_1_252' title='bbox 1329 2671 1444 2709; x_wconf 81' lang='lat' dir='ltr'><strong>haerir,</strong></span> 
     </span>
    </p>
   </div>
   <div class='ocr_carea' id='block_1_3' title="bbox 87 2729 1181 2812">
    <p class='ocr_par' dir='ltr' id='par_1_3' title="bbox 87 2729 1181 2812">
     <span class='ocr_line' id='line_1_31' title="bbox 87 2729 1181 2812; baseline 0.007 -50"><span class='ocrx_word' id='word_1_253' title='bbox 87 2730 154 2771; x_wconf 85' lang='lat' dir='ltr'><strong>W,·</strong></span> <span class='ocrx_word' id='word_1_254' title='bbox 180 2729 317 2772; x_wconf 65' lang='lat' dir='ltr'><strong>haerair,</strong></span> <span class='ocrx_word' id='word_1_255' title='bbox 343 2731 390 2767; x_wconf 78' lang='grc' dir='ltr'><strong>ιι.</strong></span> <span class='ocrx_word' id='word_1_256' title='bbox 417 2751 459 2756; x_wconf 83' lang='grc'><strong>-</strong></span> <span class='ocrx_word' id='word_1_257' title='bbox 491 2732 539 2775; x_wconf 84' lang='lat'><strong>¹⁷)</strong></span> <span class='ocrx_word' id='word_1_258' title='bbox 565 2732 667 2775; x_wconf 79' lang='lat' dir='ltr'><strong>gulir,</strong></span> <span class='ocrx_word' id='word_1_259' title='bbox 698 2733 746 2767; x_wconf 85' lang='lat'><strong>11.</strong></span> <span class='ocrx_word' id='word_1_260' title='bbox 1120 2780 1181 2812; x_wconf 63' lang='lat' dir='ltr'><em>w</em></span> 
     </span>
    </p>
   </div>
  </div>
 </body>
</html>
