1811 3256
104 359 150 399 4.

1360 241 1415 266 Vll

213 359 342 400 coclea:
388 354 812 414 Sparfvenseldiamm
860 356 949 406 (ξδ’)
996 356 1250 399 bibliotheca
1290 361 1417 414 reyioe

212 427 470 470 Holmiensis
502 427 611 467 inter
641 424 886 466 '’Islandica
915 425 1231 468 membranacea
1264 428 1415 478 Quart.

214 496 293 538 Nr.
311 498 394 548 3'’‚·
423 510 474 537 esc
505 495 578 536 hoc-
608 494 746 536 codice
773 493 1109 546 membranaceo,
1142 509 1253 538 αηηο
1286 497 1416 540 1661

213 566 328 620 (non
361 565 522 619 1461)
550 566 734 620 scripto,
780 563 928 605 selecta
958 563 1156 606 editionis
1187 565 1419 608 Rasltianw

212 637 480 692 suscepimus

211 721 341 762 codex
387 720 744 763 Gudmundianus
790 719 890 771 (G)
937 717 1121 773 ejusdem
1165 718 1420 761 bibliothecae

212 789 488 847 (''Islandica
505 789 636 831 chart.
662 789 813 841 Quart.
831 788 911 830 Nr.
929 788 1041 839 47⁷,
1065 796 1188 831 antea
1209 789 1313 845 ’‘F9.
1332 789 1419 831 3t>”

212 859 449 914 siynatus),
482 859 738 911 chartaceus,
769 859 904 901 seculo
920 873 1073 910 XVn„
1107 871 1159 900 ex
1181 858 1421 915 Upsaliensi

214 937 249 970 et
271 928 451 971 editione
467 929 709 971 Reseniana
732 943 784 970 eec
805 929 995 971 maoeima
1010 937 1135 985 parte
1152 928 1421 985 compilatus,·

213 1012 265 1040 ees
308 999 381 1041 hoc
425 998 562 1040 codice
600 999 723 1041 etiam
758 998 906 1041 selecta
942 997 1177 1041 Raskianoe
1223 998 1419 1040 editionis

211 1070 432 1110 tenuimus.

212 1153 343 1194 eodem
374 1152 745 1196 Stochholmiensis
778 1154 908 1206 (Sc),
949 1152 1133 1210 ejusdem
1162 1151 1418 1195 bibliotheca³

211 1221 490 1278 C'Islandica
533 1222 664 1265 chart.
703 1223 783 1265 Nr.
821 1224 892 1266 34
928 1221 1104 1274 Fol.’')‚
1150 1221 1419 1274 chartaceus,

211 1291 346 1334 seculo
368 1306 504 1334 XVII.
530 1301 746 1335 exaratus.
807 1293 967 1336 Selecta
990 1292 1114 1350 hujus
1140 1292 1316 1344 codicis,
1349 1294 1422 1350 qui

213 1375 265 1404 σω
295 1361 457 1405 duobus
480 1361 566 1405 illis
583 1364 784 1419 prooeime
797 1364 892 1420 jam
916 1362 1056 1405 allatis
1084 1361 1298 1405 codicibus
1327 1376 1422 1405 con-

210 1432 336 1484 flatus
368 1446 453 1474 esse
483 1432 670 1483 videtur,
702 1432 841 1475 eodem
867 1432 989 1475 modo
1019 1441 1140 1489 atque
1170 1433 1216 1474 in
1242 1432 1422 1475 editione

214 1500 439 1545 Raslciana
466 1502 622 1555 factum
652 1511 735 1553 est,
775 1502 842 1545 hic
869 1511 1061 1559 suscepta
1090 1510 1200 1544 sunt.

214 1593 345 1636 codex
380 1593 745 1651 Hypnonesiensis
782 1597 949 1652 primus
983 1597 1110 1648 (H),
1156 1594 1416 1647 chartaceus,

214 1678 266 1705 ea:
293 1665 516 1706 vetustiore
555 1664 694 1707 codice
724 1664 967 1717 chartaceo,
1013 1666 1087 1723 qui
1117 1665 1336 1720 Svefneyis
1374 1666 1420 1707 in

216 1733 412 1776 Islandia
453 1734 596 1790 (unde
638 1734 1002 1792 Hypnonesef’ensis
1052 1748 1200 1777 nomen
1254 1734 1420 1789 traxit)

214 1805 543 1856 asservabatur,
590 1815 760 1847 curante
798 1815 982 1862 proetore
1026 1804 1244 1861 desiynato
1285 1803 1420 1861 E9er-

214 1873 349 1915 hardo
383 1873 532 1916 Olavio
569 1876 740 1928 (Eggert
769 1869 983 1926 Olafsson]
1024 1875 1258 1931 eoescriptus
1297 1883 1332 1916 et
1368 1888 1421 1916 ex

214 1942 460 1985 lectionibus
492 1943 620 1999 Regii
648 1952 683 1987 et
722 1945 959 1987 Wormiani
992 1958 1077 1986 non
1100 1957 1259 2001 parum
1289 1957 1420 1986 emen—

215 2012 354 2055 datus.
413 2012 583 2055 Accedit
612 2012 679 2055 hic
705 2015 887 2056 maoeime
917 2013 974 2056 ad
999 2013 1178 2056 codicem
1199 2013 1419 2070 Upsalien-

212 2095 297 2125 sem
325 2091 361 2125 et
389 2083 670 2125 recensionem
697 2083 852 2140 Magni
879 2082 1024 2127 Olavii
1049 2085 1136 2127 sive
1165 2083 1422 2126 Lovasinam

216 2151 576 2204 (Lauftssls-eddaf)³
622 2154 691 2195 cui
726 2162 1013 2210 superstructa
1053 2153 1151 2196 olim
1194 2162 1251 2195 est
1295 2152 1422 2196 editio

214 2221 486 2273 Reseniana3
530 2236 621 2280 quoe
659 2223 725 2265 hic
761 2224 850 2266 illic
887 2223 1058 2266 addidit
1090 2223 1289 2280 plurimis
1320 2222 1419 2265 locis

217 2292 495 2349 corruptelam
525 2301 560 2335 et
588 2294 797 2350 sequioris
829 2295 909 2336 oevi
935 2293 1262 2350 suppositionem
1291 2292 1417 2343 olent,

216 2375 346 2418 quare
369 2362 536 2405 selectas
562 2371 720 2405 tantum
741 2363 931 2406 lectiones
948 2362 1048 2405 inde
1061 2363 1274 2419 suscipere
1288 2362 1421 2404 volui-

215 2444 321 2473 mus.
379 2430 507 2474 Hunc
529 2431 687 2475 librum
702 2434 894 2490 possedit
915 2433 1080 2476 Finnus
1102 2431 1356 2490 Maynusen.

226 2523 356 2564 codem
388 2522 749 2580 Hypnonesiensis
779 2525 986 2568 secundus
1018 2527 1126 2578 (Ηβ)
1157 2525 1418 2574 chartaceus,

221 2592 403 2649 ejusdem
426 2607 474 2634 ac
488 2595 656 2649 primus
673 2595 855 2650 oriyinis
874 2604 908 2638 et
924 2594 1064 2637 eadem
1078 2607 1208 2636 manu
1223 2595 1418 2651 scriptus,

221 2662 265 2703 in
289 2662 503 2704 nonnullis
529 2672 685 2714 tamen,
717 2665 914 2721 inprimis
938 2666 984 2707 in
1012 2665 1136 2707 tertia
1151 2673 1297 2721 parte,
1330 2677 1420 2720 quse

223 2740 279 2772 est
307 2734 551 2785 kenningar,
584 2733 772 2776 diversas
803 2734 993 2776 lectiones
1017 2742 1210 2786 secutus3
1232 2732 1421 2790 possidet

222 2799 330 2841 hunc
346 2801 501 2844 librum
515 2815 625 2844 unus
644 2816 695 2843 eec
711 2802 881 2858 colleyio
897 2812 1039 2846 nostro
1055 2802 1107 2845 E.
1131 2802 1175 2844 C.
1202 2802 1417 2861 IVerlauff.
