<?xml version="1.0" encoding="UTF-8"?>
<!DOCTYPE html PUBLIC "-//W3C//DTD XHTML 1.0 Transitional//EN"
    "http://www.w3.org/TR/xhtml1/DTD/xhtml1-transitional.dtd">
<html xmlns="http://www.w3.org/1999/xhtml" xml:lang="en" lang="en">
 <head>
  <title>
</title>
<meta http-equiv="Content-Type" content="text/html;charset=utf-8" />
  <meta name='ocr-system' content='tesseract 3.04.00' />
  <meta name='ocr-capabilities' content='ocr_page ocr_carea ocr_par ocr_line ocrx_word'/>
</head>
<body>
  <div class='ocr_page' id='page_1' title='image "./eddasnorrasturlu01hafnuoft_0071.png"; bbox 0 0 1811 3256; ppageno 0'>
   <div class='ocr_carea' id='block_1_1' title="bbox 73 178 1420 243">
    <p class='ocr_par' dir='ltr' id='par_1_1' title="bbox 73 178 1420 243">
     <span class='ocr_line' id='line_1_1' title="bbox 73 178 1420 243; baseline 0.001 -14"><span class='ocrx_word' id='word_1_1' title='bbox 73 183 120 227; x_wconf 82' lang='lat' dir='ltr'><strong>C.</strong></span> <span class='ocrx_word' id='word_1_2' title='bbox 141 178 278 243; x_wconf 36' lang='grc'><strong>9,-10.</strong></span> <span class='ocrx_word' id='word_1_3' title='bbox 450 197 753 231; x_wconf 65' lang='grc' dir='ltr'><strong>ιυι)η,«ἾοΑΤιο</strong></span> <span class='ocrx_word' id='word_1_4' title='bbox 781 196 1037 228; x_wconf 62' lang='lat' dir='ltr'><strong>GanmNA.</strong></span> <span class='ocrx_word' id='word_1_5' title='bbox 1357 184 1420 230; x_wconf 80' lang='lat'><strong>55</strong></span> 
     </span>
    </p>
   </div>
   <div class='ocr_carea' id='block_1_2' title="bbox 45 316 1426 2561">
    <p class='ocr_par' dir='ltr' id='par_1_2' title="bbox 45 316 1422 1833">
     <span class='ocr_line' id='line_1_2' title="bbox 71 316 1419 381; baseline 0.002 -17"><span class='ocrx_word' id='word_1_6' title='bbox 71 319 222 381; x_wconf 89' lang='lat' dir='ltr'><strong>quibus</strong></span> <span class='ocrx_word' id='word_1_7' title='bbox 250 327 397 379; x_wconf 78' lang='lat' dir='ltr'><strong>gentes</strong></span> <span class='ocrx_word' id='word_1_8' title='bbox 427 320 662 376; x_wconf 86' lang='lat' dir='ltr'><strong>hominum,</strong></span> <span class='ocrx_word' id='word_1_9' title='bbox 700 316 849 377; x_wconf 86' lang='lat' dir='ltr'><strong>quibus</strong></span> <span class='ocrx_word' id='word_1_10' title='bbox 879 316 956 361; x_wconf 89' lang='lat' dir='ltr'><strong>sub</strong></span> <span class='ocrx_word' id='word_1_11' title='bbox 976 317 1196 377; x_wconf 85' lang='lat' dir='ltr'><strong>Midgardo</strong></span> <span class='ocrx_word' id='word_1_12' title='bbox 1224 337 1419 367; x_wconf 85' lang='lat' dir='ltr'><strong>concessa</strong></span> 
     </span>
     <span class='ocr_line' id='line_1_3' title="bbox 57 397 1418 460; baseline 0.001 -15"><span class='ocrx_word' id='word_1_13' title='bbox 57 400 273 454; x_wconf 58' lang='lat' dir='ltr'><strong>,habitatio</strong></span> <span class='ocrx_word' id='word_1_14' title='bbox 310 408 423 460; x_wconf 92' lang='lat' dir='ltr'><strong>erat,</strong></span> <span class='ocrx_word' id='word_1_15' title='bbox 461 405 675 460; x_wconf 83' lang='lat' dir='ltr'><strong>prognatae</strong></span> <span class='ocrx_word' id='word_1_16' title='bbox 711 403 821 441; x_wconf 87' lang='lat' dir='ltr'><strong>sunt.</strong></span> <span class='ocrx_word' id='word_1_17' title='bbox 889 397 1053 441; x_wconf 83' lang='lat' dir='ltr'><strong>Deinde</strong></span> <span class='ocrx_word' id='word_1_18' title='bbox 1090 415 1228 445; x_wconf 85' lang='lat' dir='ltr'><strong>arcem</strong></span> <span class='ocrx_word' id='word_1_19' title='bbox 1265 401 1342 445; x_wconf 85' lang='lat' dir='ltr'><strong>sihi</strong></span> <span class='ocrx_word' id='word_1_20' title='bbox 1380 404 1418 446; x_wconf 88' lang='lat' dir='ltr'><strong>in</strong></span> 
     </span>
     <span class='ocr_line' id='line_1_4' title="bbox 70 477 1419 542; baseline 0.001 -16"><span class='ocrx_word' id='word_1_21' title='bbox 70 481 208 526; x_wconf 90' lang='lat' dir='ltr'><strong>medio</strong></span> <span class='ocrx_word' id='word_1_22' title='bbox 234 481 390 526; x_wconf 90' lang='lat' dir='ltr'><strong>mundo</strong></span> <span class='ocrx_word' id='word_1_23' title='bbox 418 480 695 536; x_wconf 79' lang='lat' dir='ltr'><strong>aediliearunt,</strong></span> <span class='ocrx_word' id='word_1_24' title='bbox 736 477 973 536; x_wconf 83' lang='lat' dir='ltr'><strong>Asgardum</strong></span> <span class='ocrx_word' id='word_1_25' title='bbox 1005 481 1270 539; x_wconf 74' lang='lat' dir='ltr'><strong>appellatam,</strong></span> <span class='ocrx_word' id='word_1_26' title='bbox 1295 499 1419 542; x_wconf 91' lang='lat' dir='ltr'><strong>quam</strong></span> 
     </span>
     <span class='ocr_line' id='line_1_5' title="bbox 72 558 1418 621; baseline 0.001 -15"><span class='ocrx_word' id='word_1_27' title='bbox 72 562 241 620; x_wconf 86' lang='lat' dir='ltr'><strong>Trojam</strong></span> <span class='ocrx_word' id='word_1_28' title='bbox 261 577 468 607; x_wconf 81' lang='lat' dir='ltr'><strong>vocamus.</strong></span> <span class='ocrx_word' id='word_1_29' title='bbox 520 560 599 604; x_wconf 82' lang='lat' dir='ltr'><strong>Hic</strong></span> <span class='ocrx_word' id='word_1_30' title='bbox 625 558 680 602; x_wconf 87' lang='lat' dir='ltr'><strong>dii</strong></span> <span class='ocrx_word' id='word_1_31' title='bbox 707 573 937 619; x_wconf 77' lang='lat' dir='ltr'><strong>eorumque</strong></span> <span class='ocrx_word' id='word_1_32' title='bbox 966 559 1128 604; x_wconf 85' lang='lat' dir='ltr'><strong>samiliae</strong></span> <span class='ocrx_word' id='word_1_33' title='bbox 1154 561 1418 621; x_wconf 81' lang='lat' dir='ltr'><strong>habitarunt3</strong></span> 
     </span>
     <span class='ocr_line' id='line_1_6' title="bbox 45 639 1418 702; baseline -0.001 -14"><span class='ocrx_word' id='word_1_34' title='bbox 45 650 116 688; x_wconf 85' lang='lat' dir='ltr'><strong>’et</strong></span> <span class='ocrx_word' id='word_1_35' title='bbox 152 643 203 687; x_wconf 88' lang='lat' dir='ltr'><strong>ab</strong></span> <span class='ocrx_word' id='word_1_36' title='bbox 241 659 291 688; x_wconf 85' lang='lat' dir='ltr'><strong>eo</strong></span> <span class='ocrx_word' id='word_1_37' title='bbox 330 650 518 702; x_wconf 85' lang='lat' dir='ltr'><strong>tempore</strong></span> <span class='ocrx_word' id='word_1_38' title='bbox 558 639 700 683; x_wconf 84' lang='lat' dir='ltr'><strong>multae</strong></span> <span class='ocrx_word' id='word_1_39' title='bbox 736 655 801 683; x_wconf 88' lang='lat' dir='ltr'><strong>res</strong></span> <span class='ocrx_word' id='word_1_40' title='bbox 840 646 1071 701; x_wconf 65' lang='lat' dir='ltr'><strong>eventaque</strong></span> <span class='ocrx_word' id='word_1_41' title='bbox 1107 642 1418 702; x_wconf 74' lang='lat' dir='ltr'><strong>memorabilia,</strong></span> 
     </span>
     <span class='ocr_line' id='line_1_7' title="bbox 71 719 1420 782; baseline -0.001 -13"><span class='ocrx_word' id='word_1_42' title='bbox 71 732 156 769; x_wconf 89' lang='lat' dir='ltr'><strong>tam</strong></span> <span class='ocrx_word' id='word_1_43' title='bbox 187 725 226 768; x_wconf 90' lang='lat' dir='ltr'><strong>in</strong></span> <span class='ocrx_word' id='word_1_44' title='bbox 254 731 387 781; x_wconf 87' lang='lat' dir='ltr'><strong>terra,</strong></span> <span class='ocrx_word' id='word_1_45' title='bbox 425 736 548 782; x_wconf 91' lang='lat' dir='ltr'><strong>quam</strong></span> <span class='ocrx_word' id='word_1_46' title='bbox 574 721 614 764; x_wconf 89' lang='lat' dir='ltr'><strong>in</strong></span> <span class='ocrx_word' id='word_1_47' title='bbox 645 723 768 778; x_wconf 71' lang='lat' dir='ltr'><strong>aere,</strong></span> <span class='ocrx_word' id='word_1_48' title='bbox 805 719 1057 765; x_wconf 85' lang='lat' dir='ltr'><strong>acciderunt.</strong></span> <span class='ocrx_word' id='word_1_49' title='bbox 1109 721 1270 766; x_wconf 87' lang='lat' dir='ltr'><strong>Ibidem</strong></span> <span class='ocrx_word' id='word_1_50' title='bbox 1305 724 1420 768; x_wconf 87' lang='lat' dir='ltr'><strong>loeus</strong></span> 
     </span>
     <span class='ocr_line' id='line_1_8' title="bbox 73 800 1419 863; baseline -0.002 -13"><span class='ocrx_word' id='word_1_51' title='bbox 73 812 158 863; x_wconf 90' lang='lat' dir='ltr'><strong>est,</strong></span> <span class='ocrx_word' id='word_1_52' title='bbox 194 803 452 862; x_wconf 75' lang='lat' dir='ltr'><strong>Hlidskjalva</strong></span> <span class='ocrx_word' id='word_1_53' title='bbox 482 800 642 859; x_wconf 82' lang='lat' dir='ltr'><strong>dictus,</strong></span> <span class='ocrx_word' id='word_1_54' title='bbox 672 817 754 861; x_wconf 89' lang='lat' dir='ltr'><strong>quo</strong></span> <span class='ocrx_word' id='word_1_55' title='bbox 787 801 878 845; x_wconf 82' lang='lat' dir='ltr'><strong>loco</strong></span> <span class='ocrx_word' id='word_1_56' title='bbox 899 801 1009 845; x_wconf 87' lang='lat' dir='ltr'><strong>Odin</strong></span> <span class='ocrx_word' id='word_1_57' title='bbox 1038 802 1078 845; x_wconf 89' lang='lat' dir='ltr'><strong>in</strong></span> <span class='ocrx_word' id='word_1_58' title='bbox 1098 803 1201 847; x_wconf 90' lang='lat' dir='ltr'><strong>solio</strong></span> <span class='ocrx_word' id='word_1_59' title='bbox 1230 803 1419 847; x_wconf 80' lang='lat' dir='ltr'><strong>residens</strong></span> 
     </span>
     <span class='ocr_line' id='line_1_9' title="bbox 72 881 1419 943; baseline -0.001 -12"><span class='ocrx_word' id='word_1_60' title='bbox 72 902 217 931; x_wconf 89' lang='lat' dir='ltr'><strong>omnes</strong></span> <span class='ocrx_word' id='word_1_61' title='bbox 244 882 420 929; x_wconf 90' lang='lat' dir='ltr'><strong>mundos</strong></span> <span class='ocrx_word' id='word_1_62' title='bbox 450 882 734 942; x_wconf 65' lang='lat' dir='ltr'><strong>perlustravit,</strong></span> <span class='ocrx_word' id='word_1_63' title='bbox 773 881 973 942; x_wconf 88' lang='lat' dir='ltr'><strong>cujusque</strong></span> <span class='ocrx_word' id='word_1_64' title='bbox 1009 883 1184 927; x_wconf 87' lang='lat' dir='ltr'><strong>hominis</strong></span> <span class='ocrx_word' id='word_1_65' title='bbox 1221 885 1419 943; x_wconf 82' lang='lat' dir='ltr'><strong>actiones,</strong></span> 
     </span>
     <span class='ocr_line' id='line_1_10' title="bbox 73 961 1420 1026; baseline -0.001 -15"><span class='ocrx_word' id='word_1_66' title='bbox 73 980 302 1026; x_wconf 89' lang='lat' dir='ltr'><strong>omnesque</strong></span> <span class='ocrx_word' id='word_1_67' title='bbox 346 979 437 1020; x_wconf 88' lang='lat' dir='ltr'><strong>res,</strong></span> <span class='ocrx_word' id='word_1_68' title='bbox 484 978 576 1023; x_wconf 82' lang='lat' dir='ltr'><strong>quae</strong></span> <span class='ocrx_word' id='word_1_69' title='bbox 622 961 699 1006; x_wconf 88' lang='lat' dir='ltr'><strong>sub</strong></span> <span class='ocrx_word' id='word_1_70' title='bbox 746 962 888 1006; x_wconf 85' lang='lat' dir='ltr'><strong>oculos</strong></span> <span class='ocrx_word' id='word_1_71' title='bbox 936 962 1157 1022; x_wconf 82' lang='lat' dir='ltr'><strong>caderent,</strong></span> <span class='ocrx_word' id='word_1_72' title='bbox 1195 965 1420 1024; x_wconf 80' lang='lat' dir='ltr'><strong>perspexit.</strong></span> 
     </span>
     <span class='ocr_line' id='line_1_11' title="bbox 75 1043 1421 1105; baseline -0.001 -14"><span class='ocrx_word' id='word_1_73' title='bbox 75 1049 192 1093; x_wconf 78' lang='lat' dir='ltr'><strong>Uxor</strong></span> <span class='ocrx_word' id='word_1_74' title='bbox 210 1045 299 1104; x_wconf 89' lang='lat' dir='ltr'><strong>ejus</strong></span> <span class='ocrx_word' id='word_1_75' title='bbox 321 1050 462 1088; x_wconf 78' lang='lat' dir='ltr'><strong>vocata</strong></span> <span class='ocrx_word' id='word_1_76' title='bbox 484 1050 548 1087; x_wconf 90' lang='lat' dir='ltr'><strong>est</strong></span> <span class='ocrx_word' id='word_1_77' title='bbox 569 1044 746 1103; x_wconf 79' lang='lat' dir='ltr'><strong>Frigga,</strong></span> <span class='ocrx_word' id='word_1_78' title='bbox 783 1043 994 1102; x_wconf 77' lang='lat' dir='ltr'><strong>Fjorgvini</strong></span> <span class='ocrx_word' id='word_1_79' title='bbox 1013 1044 1118 1102; x_wconf 73' lang='lat' dir='ltr'><strong>filia3</strong></span> <span class='ocrx_word' id='word_1_80' title='bbox 1165 1061 1214 1089; x_wconf 74' lang='lat' dir='ltr'><strong>ex</strong></span> <span class='ocrx_word' id='word_1_81' title='bbox 1244 1061 1421 1105; x_wconf 89' lang='lat' dir='ltr'><strong>quorum</strong></span> 
     </span>
     <span class='ocr_line' id='line_1_12' title="bbox 74 1124 1421 1186; baseline 0 -16"><span class='ocrx_word' id='word_1_82' title='bbox 74 1141 229 1186; x_wconf 81' lang='lat' dir='ltr'><strong>genere</strong></span> <span class='ocrx_word' id='word_1_83' title='bbox 266 1124 480 1169; x_wconf 84' lang='lat' dir='ltr'><strong>descendit</strong></span> <span class='ocrx_word' id='word_1_84' title='bbox 514 1125 734 1185; x_wconf 83' lang='lat' dir='ltr'><strong>prosapia,</strong></span> <span class='ocrx_word' id='word_1_85' title='bbox 780 1140 902 1185; x_wconf 87' lang='lat' dir='ltr'><strong>quam</strong></span> <span class='ocrx_word' id='word_1_86' title='bbox 941 1133 1087 1184; x_wconf 83' lang='lat' dir='ltr'><strong>gentes</strong></span> <span class='ocrx_word' id='word_1_87' title='bbox 1123 1127 1304 1170; x_wconf 83' lang='lat' dir='ltr'><strong>Asarum</strong></span> <span class='ocrx_word' id='word_1_88' title='bbox 1340 1142 1421 1186; x_wconf 89' lang='lat' dir='ltr'><strong>ap-</strong></span> 
     </span>
     <span class='ocr_line' id='line_1_13' title="bbox 72 1204 1419 1267; baseline 0.001 -17"><span class='ocrx_word' id='word_1_89' title='bbox 72 1207 300 1267; x_wconf 85' lang='lat' dir='ltr'><strong>pellamus,</strong></span> <span class='ocrx_word' id='word_1_90' title='bbox 339 1221 431 1266; x_wconf 76' lang='lat' dir='ltr'><strong>quae</strong></span> <span class='ocrx_word' id='word_1_91' title='bbox 467 1204 705 1265; x_wconf 86' lang='lat' dir='ltr'><strong>Asgardum</strong></span> <span class='ocrx_word' id='word_1_92' title='bbox 744 1206 923 1266; x_wconf 88' lang='lat' dir='ltr'><strong>priscum</strong></span> <span class='ocrx_word' id='word_1_93' title='bbox 948 1222 1164 1267; x_wconf 88' lang='lat' dir='ltr'><strong>regnaque</strong></span> <span class='ocrx_word' id='word_1_94' title='bbox 1194 1207 1288 1251; x_wconf 83' lang='lat' dir='ltr'><strong>illuc</strong></span> <span class='ocrx_word' id='word_1_95' title='bbox 1316 1224 1419 1267; x_wconf 88' lang='lat' dir='ltr'><strong>per—</strong></span> 
     </span>
     <span class='ocr_line' id='line_1_14' title="bbox 72 1286 1422 1348; baseline 0 -16"><span class='ocrx_word' id='word_1_96' title='bbox 72 1287 244 1332; x_wconf 88' lang='lat' dir='ltr'><strong>tinentia</strong></span> <span class='ocrx_word' id='word_1_97' title='bbox 269 1286 557 1344; x_wconf 85' lang='lat' dir='ltr'><strong>incoluerunt,</strong></span> <span class='ocrx_word' id='word_1_98' title='bbox 596 1302 687 1347; x_wconf 82' lang='lat' dir='ltr'><strong>quae</strong></span> <span class='ocrx_word' id='word_1_99' title='bbox 716 1301 860 1330; x_wconf 90' lang='lat' dir='ltr'><strong>omnes</strong></span> <span class='ocrx_word' id='word_1_100' title='bbox 890 1294 1036 1345; x_wconf 87' lang='lat' dir='ltr'><strong>gentes</strong></span> <span class='ocrx_word' id='word_1_101' title='bbox 1066 1303 1088 1331; x_wconf 90' lang='lat' dir='ltr'><strong>a</strong></span> <span class='ocrx_word' id='word_1_102' title='bbox 1116 1288 1190 1332; x_wconf 85' lang='lat' dir='ltr'><strong>diis</strong></span> <span class='ocrx_word' id='word_1_103' title='bbox 1218 1289 1422 1348; x_wconf 88' lang='lat' dir='ltr'><strong>originem</strong></span> 
     </span>
     <span class='ocr_line' id='line_1_15' title="bbox 73 1366 1422 1430; baseline 0.001 -18"><span class='ocrx_word' id='word_1_104' title='bbox 73 1367 243 1412; x_wconf 88' lang='lat' dir='ltr'><strong>ducunt.</strong></span> <span class='ocrx_word' id='word_1_105' title='bbox 295 1368 352 1411; x_wconf 91' lang='lat' dir='ltr'><strong>Et</strong></span> <span class='ocrx_word' id='word_1_106' title='bbox 386 1366 480 1411; x_wconf 92' lang='lat' dir='ltr'><strong>ideo</strong></span> <span class='ocrx_word' id='word_1_107' title='bbox 516 1366 593 1411; x_wconf 85' lang='lat' dir='ltr'><strong>dici</strong></span> <span class='ocrx_word' id='word_1_108' title='bbox 631 1367 878 1427; x_wconf 88' lang='lat' dir='ltr'><strong>Omnipater</strong></span> <span class='ocrx_word' id='word_1_109' title='bbox 911 1375 1118 1427; x_wconf 88' lang='lat' dir='ltr'><strong>meretur,</strong></span> <span class='ocrx_word' id='word_1_110' title='bbox 1157 1368 1268 1430; x_wconf 84' lang='lat' dir='ltr'><strong>quod</strong></span> <span class='ocrx_word' id='word_1_111' title='bbox 1304 1377 1422 1430; x_wconf 88' lang='lat' dir='ltr'><strong>pater</strong></span> 
     </span>
     <span class='ocr_line' id='line_1_16' title="bbox 73 1447 1419 1511; baseline 0.001 -18"><span class='ocrx_word' id='word_1_112' title='bbox 73 1455 137 1493; x_wconf 89' lang='lat' dir='ltr'><strong>est</strong></span> <span class='ocrx_word' id='word_1_113' title='bbox 171 1448 356 1493; x_wconf 90' lang='lat' dir='ltr'><strong>omnium</strong></span> <span class='ocrx_word' id='word_1_114' title='bbox 392 1447 567 1492; x_wconf 89' lang='lat' dir='ltr'><strong>deorum</strong></span> <span class='ocrx_word' id='word_1_115' title='bbox 603 1454 644 1492; x_wconf 90' lang='lat' dir='ltr'><strong>et</strong></span> <span class='ocrx_word' id='word_1_116' title='bbox 679 1448 915 1506; x_wconf 84' lang='lat' dir='ltr'><strong>hominum,</strong></span> <span class='ocrx_word' id='word_1_117' title='bbox 953 1450 1220 1511; x_wconf 82' lang='lat' dir='ltr'><strong>omniumque</strong></span> <span class='ocrx_word' id='word_1_118' title='bbox 1257 1466 1419 1509; x_wconf 88' lang='lat' dir='ltr'><strong>eorum,</strong></span> 
     </span>
     <span class='ocr_line' id='line_1_17' title="bbox 74 1528 1421 1592; baseline 0 -17"><span class='ocrx_word' id='word_1_119' title='bbox 74 1545 166 1592; x_wconf 85' lang='lat' dir='ltr'><strong>quae</strong></span> <span class='ocrx_word' id='word_1_120' title='bbox 193 1529 244 1574; x_wconf 90' lang='lat' dir='ltr'><strong>ab</strong></span> <span class='ocrx_word' id='word_1_121' title='bbox 274 1545 324 1574; x_wconf 90' lang='lat' dir='ltr'><strong>eo</strong></span> <span class='ocrx_word' id='word_1_122' title='bbox 353 1528 526 1590; x_wconf 91' lang='lat' dir='ltr'><strong>ejusque</strong></span> <span class='ocrx_word' id='word_1_123' title='bbox 554 1529 591 1573; x_wconf 71' lang='lat' dir='ltr'><strong>vi</strong></span> <span class='ocrx_word' id='word_1_124' title='bbox 619 1529 906 1573; x_wconf 78' lang='lat' dir='ltr'><strong>effecta&#39;sunt.</strong></span> <span class='ocrx_word' id='word_1_125' title='bbox 951 1531 1079 1574; x_wconf 89' lang='lat' dir='ltr'><strong>Terra</strong></span> <span class='ocrx_word' id='word_1_126' title='bbox 1108 1539 1197 1575; x_wconf 85' lang='lat' dir='ltr'><strong>erat</strong></span> <span class='ocrx_word' id='word_1_127' title='bbox 1223 1531 1304 1575; x_wconf 81' lang='lat' dir='ltr'><strong>filia</strong></span> <span class='ocrx_word' id='word_1_128' title='bbox 1333 1531 1421 1591; x_wconf 87' lang='lat' dir='ltr'><strong>ejus</strong></span> 
     </span>
     <span class='ocr_line' id='line_1_18' title="bbox 77 1609 1420 1672; baseline -0.001 -16"><span class='ocrx_word' id='word_1_129' title='bbox 77 1618 200 1672; x_wconf 87' lang='lat' dir='ltr'><strong>atque</strong></span> <span class='ocrx_word' id='word_1_130' title='bbox 221 1626 327 1655; x_wconf 80' lang='lat' dir='ltr'><strong>uxor</strong></span> <span class='ocrx_word' id='word_1_131' title='bbox 347 1609 457 1668; x_wconf 77' lang='lat' dir='ltr'><strong>ejus3</strong></span> <span class='ocrx_word' id='word_1_132' title='bbox 479 1625 527 1654; x_wconf 80' lang='lat' dir='ltr'><strong>ex</strong></span> <span class='ocrx_word' id='word_1_133' title='bbox 549 1625 596 1654; x_wconf 90' lang='lat' dir='ltr'><strong>ea</strong></span> <span class='ocrx_word' id='word_1_134' title='bbox 616 1610 794 1670; x_wconf 90' lang='lat' dir='ltr'><strong>primum</strong></span> <span class='ocrx_word' id='word_1_135' title='bbox 815 1610 960 1663; x_wconf 72' lang='lat' dir='ltr'><strong>filium.v</strong></span> <span class='ocrx_word' id='word_1_136' title='bbox 983 1626 1133 1672; x_wconf 86' lang='lat' dir='ltr'><strong>nempe</strong></span> <span class='ocrx_word' id='word_1_137' title='bbox 1153 1613 1420 1670; x_wconf 80' lang='lat' dir='ltr'><strong>Asathorem,</strong></span> 
     </span>
     <span class='ocr_line' id='line_1_19' title="bbox 74 1691 1419 1752; baseline 0 -16"><span class='ocrx_word' id='word_1_138' title='bbox 74 1691 328 1752; x_wconf 70' lang='lat' dir='ltr'><strong>procreavit,</strong></span> <span class='ocrx_word' id='word_1_139' title='bbox 375 1691 484 1735; x_wconf 84' lang='lat' dir='ltr'><strong>hune</strong></span> <span class='ocrx_word' id='word_1_140' title='bbox 518 1691 688 1750; x_wconf 84' lang='lat' dir='ltr'><strong>insignis</strong></span> <span class='ocrx_word' id='word_1_141' title='bbox 725 1691 869 1735; x_wconf 80' lang='lat' dir='ltr'><strong>virium</strong></span> <span class='ocrx_word' id='word_1_142' title='bbox 906 1693 1151 1752; x_wconf 87' lang='lat' dir='ltr'><strong>magnitudo</strong></span> <span class='ocrx_word' id='word_1_143' title='bbox 1190 1700 1232 1737; x_wconf 92' lang='lat' dir='ltr'><strong>et</strong></span> <span class='ocrx_word' id='word_1_144' title='bbox 1266 1692 1419 1749; x_wconf 72' lang='lat' dir='ltr'><strong>robur,</strong></span> 
     </span>
     <span class='ocr_line' id='line_1_20' title="bbox 75 1772 1029 1833; baseline 0.001 -17"><span class='ocrx_word' id='word_1_145' title='bbox 75 1788 158 1833; x_wconf 90' lang='lat' dir='ltr'><strong>quo</strong></span> <span class='ocrx_word' id='word_1_146' title='bbox 178 1772 318 1816; x_wconf 90' lang='lat' dir='ltr'><strong>omnia</strong></span> <span class='ocrx_word' id='word_1_147' title='bbox 338 1772 559 1815; x_wconf 85' lang='lat' dir='ltr'><strong>animantia</strong></span> <span class='ocrx_word' id='word_1_148' title='bbox 581 1778 749 1831; x_wconf 89' lang='lat' dir='ltr'><strong>superat</strong></span> <span class='ocrx_word' id='word_1_149' title='bbox 767 1805 776 1828; x_wconf 81' lang='lat'><strong>,</strong></span> <span class='ocrx_word' id='word_1_150' title='bbox 810 1772 1029 1818; x_wconf 86' lang='lat' dir='ltr'><strong>ornabant.</strong></span> 
     </span>
    </p>

    <p class='ocr_par' dir='ltr' id='par_1_3' title="bbox 77 1852 1426 2561">
     <span class='ocr_line' id='line_1_21' title="bbox 148 1852 1422 1914; baseline 0 -16"><span class='ocrx_word' id='word_1_151' title='bbox 148 1852 220 1898; x_wconf 86' lang='lat'><strong>10.</strong></span> <span class='ocrx_word' id='word_1_152' title='bbox 257 1852 434 1897; x_wconf 77' lang='lat' dir='ltr'><strong>Norvius</strong></span> <span class='ocrx_word' id='word_1_153' title='bbox 464 1852 547 1896; x_wconf 82' lang='lat' dir='ltr'><strong>sive</strong></span> <span class='ocrx_word' id='word_1_154' title='bbox 568 1853 744 1897; x_wconf 67' lang='lat' dir='ltr'><strong>Narvius</strong></span> <span class='ocrx_word' id='word_1_155' title='bbox 766 1868 916 1896; x_wconf 88' lang='lat' dir='ltr'><strong>nomen</strong></span> <span class='ocrx_word' id='word_1_156' title='bbox 953 1853 1026 1898; x_wconf 89' lang='lat' dir='ltr'><strong>suit</strong></span> <span class='ocrx_word' id='word_1_157' title='bbox 1045 1855 1224 1914; x_wconf 84' lang='lat' dir='ltr'><strong>giganti,</strong></span> <span class='ocrx_word' id='word_1_158' title='bbox 1264 1857 1422 1900; x_wconf 77' lang='lat' dir='ltr'><strong>Jotun-</strong></span> 
     </span>
     <span class='ocr_line' id='line_1_22' title="bbox 78 1914 1423 1996; baseline 0.001 -19"><span class='ocrx_word' id='word_1_159' title='bbox 78 1933 468 1990; x_wconf 76' lang='lat' dir='ltr'><strong>heimosincolenti3</strong></span> <span class='ocrx_word' id='word_1_160' title='bbox 489 1933 583 1977; x_wconf 81' lang='lat' dir='ltr'><strong>huic</strong></span> <span class='ocrx_word' id='word_1_161' title='bbox 594 1914 675 1977; x_wconf 72' lang='lat' dir='ltr'><strong>tilia</strong></span> <span class='ocrx_word' id='word_1_162' title='bbox 688 1940 791 1991; x_wconf 90' lang='lat' dir='ltr'><strong>erat,</strong></span> <span class='ocrx_word' id='word_1_163' title='bbox 815 1934 980 1978; x_wconf 87' lang='lat' dir='ltr'><strong>nomine</strong></span> <span class='ocrx_word' id='word_1_164' title='bbox 990 1937 1117 1980; x_wconf 83' lang='lat' dir='ltr'><strong>Notta</strong></span> <span class='ocrx_word' id='word_1_165' title='bbox 1130 1933 1332 1996; x_wconf 65' lang='lat' dir='ltr'><strong>(Nom),</strong></span> <span class='ocrx_word' id='word_1_166' title='bbox 1353 1936 1423 1979; x_wconf 92' lang='lat' dir='ltr'><strong>ni-</strong></span> 
     </span>
     <span class='ocr_line' id='line_1_23' title="bbox 77 2014 1423 2075; baseline 0.001 -17"><span class='ocrx_word' id='word_1_167' title='bbox 77 2029 152 2074; x_wconf 87' lang='lat' dir='ltr'><strong>gra</strong></span> <span class='ocrx_word' id='word_1_168' title='bbox 171 2015 383 2075; x_wconf 82' lang='lat' dir='ltr'><strong>fuscaque,</strong></span> <span class='ocrx_word' id='word_1_169' title='bbox 403 2021 450 2058; x_wconf 91' lang='lat' dir='ltr'><strong>ut</strong></span> <span class='ocrx_word' id='word_1_170' title='bbox 471 2014 505 2058; x_wconf 92' lang='lat' dir='ltr'><strong>ei</strong></span> <span class='ocrx_word' id='word_1_171' title='bbox 523 2014 772 2073; x_wconf 86' lang='lat' dir='ltr'><strong>gentilitium</strong></span> <span class='ocrx_word' id='word_1_172' title='bbox 784 2022 894 2059; x_wconf 89' lang='lat' dir='ltr'><strong>erat:</strong></span> <span class='ocrx_word' id='word_1_173' title='bbox 916 2015 955 2058; x_wconf 90' lang='lat' dir='ltr'><strong>in</strong></span> <span class='ocrx_word' id='word_1_174' title='bbox 969 2016 1276 2060; x_wconf 90' lang='lat' dir='ltr'><strong>matrimonium</strong></span> <span class='ocrx_word' id='word_1_175' title='bbox 1287 2016 1423 2060; x_wconf 88' lang='lat' dir='ltr'><strong>collo-</strong></span> 
     </span>
     <span class='ocr_line' id='line_1_24' title="bbox 78 2095 1422 2157; baseline 0 -17"><span class='ocrx_word' id='word_1_176' title='bbox 78 2102 166 2140; x_wconf 83' lang='lat' dir='ltr'><strong>cata</strong></span> <span class='ocrx_word' id='word_1_177' title='bbox 179 2102 269 2140; x_wconf 89' lang='lat' dir='ltr'><strong>erat</strong></span> <span class='ocrx_word' id='word_1_178' title='bbox 289 2095 390 2153; x_wconf 73' lang='lat' dir='ltr'><strong>viro,</strong></span> <span class='ocrx_word' id='word_1_179' title='bbox 411 2095 474 2139; x_wconf 85' lang='lat' dir='ltr'><strong>eui</strong></span> <span class='ocrx_word' id='word_1_180' title='bbox 494 2095 706 2154; x_wconf 86' lang='lat' dir='ltr'><strong>Naglfario</strong></span> <span class='ocrx_word' id='word_1_181' title='bbox 736 2111 904 2154; x_wconf 88' lang='lat' dir='ltr'><strong>nomen,</strong></span> <span class='ocrx_word' id='word_1_182' title='bbox 926 2111 975 2140; x_wconf 88' lang='lat' dir='ltr'><strong>ex</strong></span> <span class='ocrx_word' id='word_1_183' title='bbox 995 2095 1144 2157; x_wconf 90' lang='lat' dir='ltr'><strong>quibus</strong></span> <span class='ocrx_word' id='word_1_184' title='bbox 1164 2103 1283 2141; x_wconf 88' lang='lat' dir='ltr'><strong>natus</strong></span> <span class='ocrx_word' id='word_1_185' title='bbox 1297 2097 1422 2155; x_wconf 81' lang='lat' dir='ltr'><strong>filius,</strong></span> 
     </span>
     <span class='ocr_line' id='line_1_25' title="bbox 77 2173 1423 2237; baseline 0.001 -17"><span class='ocrx_word' id='word_1_186' title='bbox 77 2176 245 2221; x_wconf 88' lang='lat' dir='ltr'><strong>nomine</strong></span> <span class='ocrx_word' id='word_1_187' title='bbox 271 2175 388 2222; x_wconf 90' lang='lat' dir='ltr'><strong>Udus</strong></span> <span class='ocrx_word' id='word_1_188' title='bbox 410 2173 642 2237; x_wconf 79' lang='lat' dir='ltr'><strong>(Audus];</strong></span> <span class='ocrx_word' id='word_1_189' title='bbox 679 2175 828 2220; x_wconf 90' lang='lat' dir='ltr'><strong>deinde</strong></span> <span class='ocrx_word' id='word_1_190' title='bbox 856 2183 984 2237; x_wconf 90' lang='lat' dir='ltr'><strong>nupta</strong></span> <span class='ocrx_word' id='word_1_191' title='bbox 1014 2177 1088 2221; x_wconf 88' lang='lat' dir='ltr'><strong>suit</strong></span> <span class='ocrx_word' id='word_1_192' title='bbox 1117 2178 1220 2236; x_wconf 84' lang='lat' dir='ltr'><strong>viro,</strong></span> <span class='ocrx_word' id='word_1_193' title='bbox 1257 2178 1423 2222; x_wconf 90' lang='lat' dir='ltr'><strong>nomine</strong></span> 
     </span>
     <span class='ocr_line' id='line_1_26' title="bbox 77 2255 1425 2320; baseline 0.001 -19"><span class='ocrx_word' id='word_1_194' title='bbox 77 2257 258 2302; x_wconf 88' lang='lat' dir='ltr'><strong>Annari:</strong></span> <span class='ocrx_word' id='word_1_195' title='bbox 277 2257 426 2301; x_wconf 90' lang='lat' dir='ltr'><strong>horum</strong></span> <span class='ocrx_word' id='word_1_196' title='bbox 439 2257 520 2301; x_wconf 86' lang='lat' dir='ltr'><strong>filia</strong></span> <span class='ocrx_word' id='word_1_197' title='bbox 533 2263 676 2301; x_wconf 76' lang='lat' dir='ltr'><strong>vocata</strong></span> <span class='ocrx_word' id='word_1_198' title='bbox 686 2263 750 2301; x_wconf 89' lang='lat' dir='ltr'><strong>est</strong></span> <span class='ocrx_word' id='word_1_199' title='bbox 764 2258 790 2301; x_wconf 89' lang='lat' dir='ltr'>J</span> <span class='ocrx_word' id='word_1_200' title='bbox 793 2256 891 2301; x_wconf 86' lang='lat' dir='ltr'><strong>arda</strong></span> <span class='ocrx_word' id='word_1_201' title='bbox 913 2255 1190 2320; x_wconf 69' lang='lat' dir='ltr'><strong>(Tellus),</strong></span> <span class='ocrx_word' id='word_1_202' title='bbox 1210 2266 1425 2319; x_wconf 86' lang='lat' dir='ltr'><strong>postremo</strong></span> 
     </span>
     <span class='ocr_line' id='line_1_27' title="bbox 78 2338 1425 2399; baseline 0.001 -17"><span class='ocrx_word' id='word_1_203' title='bbox 78 2353 170 2382; x_wconf 88' lang='lat' dir='ltr'><strong>eam</strong></span> <span class='ocrx_word' id='word_1_204' title='bbox 195 2338 415 2398; x_wconf 87' lang='lat' dir='ltr'><strong>Dellingus</strong></span> <span class='ocrx_word' id='word_1_205' title='bbox 444 2339 484 2382; x_wconf 90' lang='lat' dir='ltr'><strong>in</strong></span> <span class='ocrx_word' id='word_1_206' title='bbox 513 2338 821 2383; x_wconf 85' lang='lat' dir='ltr'><strong>matrimonium</strong></span> <span class='ocrx_word' id='word_1_207' title='bbox 850 2338 991 2397; x_wconf 77' lang='lat' dir='ltr'><strong>duxit,</strong></span> <span class='ocrx_word' id='word_1_208' title='bbox 1030 2340 1062 2384; x_wconf 90' lang='lat' dir='ltr'><strong>is</strong></span> <span class='ocrx_word' id='word_1_209' title='bbox 1092 2340 1272 2384; x_wconf 81' lang='lat' dir='ltr'><strong>Asarum</strong></span> <span class='ocrx_word' id='word_1_210' title='bbox 1299 2346 1425 2399; x_wconf 87' lang='lat' dir='ltr'><strong>gente</strong></span> 
     </span>
     <span class='ocr_line' id='line_1_28' title="bbox 78 2416 1426 2482; baseline 0.001 -20"><span class='ocrx_word' id='word_1_211' title='bbox 78 2417 276 2463; x_wconf 90' lang='lat' dir='ltr'><strong>oriundus</strong></span> <span class='ocrx_word' id='word_1_212' title='bbox 304 2426 414 2477; x_wconf 72' lang='lat' dir='ltr'><strong>erat,</strong></span> <span class='ocrx_word' id='word_1_213' title='bbox 443 2435 492 2464; x_wconf 82' lang='lat' dir='ltr'><strong>ex</strong></span> <span class='ocrx_word' id='word_1_214' title='bbox 515 2419 574 2464; x_wconf 89' lang='lat' dir='ltr'><strong>his</strong></span> <span class='ocrx_word' id='word_1_215' title='bbox 593 2421 737 2479; x_wconf 86' lang='lat' dir='ltr'><strong>Dagus</strong></span> <span class='ocrx_word' id='word_1_216' title='bbox 759 2416 954 2482; x_wconf 69' lang='lat' dir='ltr'><strong>(Dies)</strong></span> <span class='ocrx_word' id='word_1_217' title='bbox 976 2427 1216 2481; x_wconf 87' lang='lat' dir='ltr'><strong>procreatus</strong></span> <span class='ocrx_word' id='word_1_218' title='bbox 1244 2427 1328 2479; x_wconf 87' lang='lat' dir='ltr'><strong>est,</strong></span> <span class='ocrx_word' id='word_1_219' title='bbox 1357 2421 1426 2480; x_wconf 90' lang='lat' dir='ltr'><strong>qui</strong></span> 
     </span>
     <span class='ocr_line' id='line_1_29' title="bbox 79 2498 1425 2561; baseline 0.001 -18"><span class='ocrx_word' id='word_1_220' title='bbox 79 2498 258 2544; x_wconf 83' lang='lat' dir='ltr'><strong>candore</strong></span> <span class='ocrx_word' id='word_1_221' title='bbox 278 2506 320 2544; x_wconf 90' lang='lat' dir='ltr'><strong>et</strong></span> <span class='ocrx_word' id='word_1_222' title='bbox 337 2500 640 2561; x_wconf 84' lang='lat' dir='ltr'><strong>pulchritudine</strong></span> <span class='ocrx_word' id='word_1_223' title='bbox 660 2507 878 2560; x_wconf 87' lang='lat' dir='ltr'><strong>paternum</strong></span> <span class='ocrx_word' id='word_1_224' title='bbox 898 2516 1030 2561; x_wconf 88' lang='lat' dir='ltr'><strong>genus</strong></span> <span class='ocrx_word' id='word_1_225' title='bbox 1048 2500 1272 2546; x_wconf 87' lang='lat' dir='ltr'><strong>referebat.</strong></span> <span class='ocrx_word' id='word_1_226' title='bbox 1318 2503 1425 2545; x_wconf 92' lang='lat' dir='ltr'><strong>Tum</strong></span> 
     </span>
    </p>
   </div>
   <div class='ocr_carea' id='block_1_3' title="bbox 81 2640 1425 2825">
    <p class='ocr_par' dir='ltr' id='par_1_4' title="bbox 81 2640 1425 2825">
     <span class='ocr_line' id='line_1_30' title="bbox 81 2640 1425 2691; baseline 0.001 -14"><span class='ocrx_word' id='word_1_227' title='bbox 81 2646 164 2678; x_wconf 72' lang='lat' dir='ltr'><strong>aad.</strong></span> <span class='ocrx_word' id='word_1_228' title='bbox 194 2645 247 2678; x_wconf 88' lang='lat' dir='ltr'><strong>W.</strong></span> <span class='ocrx_word' id='word_1_229' title='bbox 272 2666 317 2670; x_wconf 82' lang='grc'><strong>-</strong></span> <span class='ocrx_word' id='word_1_230' title='bbox 346 2647 395 2689; x_wconf 72' lang='lat'><strong>1⁵)</strong></span> <span class='ocrx_word' id='word_1_231' title='bbox 422 2648 479 2680; x_wconf 75' lang='lat' dir='ltr'><strong>sic</strong></span> <span class='ocrx_word' id='word_1_232' title='bbox 504 2647 616 2690; x_wconf 74' lang='lat' dir='ltr'><em>Re9.‚-</em></span> <span class='ocrx_word' id='word_1_233' title='bbox 643 2647 746 2689; x_wconf 62' lang='lat' dir='ltr'><strong>Anac,</strong></span> <span class='ocrx_word' id='word_1_234' title='bbox 776 2648 837 2680; x_wconf 77' lang='lat' dir='ltr'><em>id..</em></span> <span class='ocrx_word' id='word_1_235' title='bbox 870 2648 922 2688; x_wconf 88' lang='lat' dir='ltr'><strong>W,</strong></span> <span class='ocrx_word' id='word_1_236' title='bbox 956 2650 994 2691; x_wconf 72' lang='lat' dir='ltr'><strong>U,</strong></span> <span class='ocrx_word' id='word_1_237' title='bbox 1022 2648 1061 2690; x_wconf 81' lang='lat' dir='ltr'><strong>s,</strong></span> <span class='ocrx_word' id='word_1_238' title='bbox 1089 2640 1144 2691; x_wconf 76' lang='lat' dir='ltr'><strong>si,</strong></span> <span class='ocrx_word' id='word_1_239' title='bbox 1173 2649 1341 2690; x_wconf 55' lang='lat'><em>11.-·&#39;“·)</em></span> <span class='ocrx_word' id='word_1_240' title='bbox 1368 2648 1425 2680; x_wconf 79' lang='lat' dir='ltr'><strong>sic</strong></span> 
     </span>
     <span class='ocr_line' id='line_1_31' title="bbox 82 2705 1423 2753; baseline 0.001 -15"><span class='ocrx_word' id='word_1_241' title='bbox 82 2705 194 2749; x_wconf 74' lang='lat' dir='ltr'><strong>Rey.‚·</strong></span> <span class='ocrx_word' id='word_1_242' title='bbox 220 2712 353 2747; x_wconf 53' lang='lat' dir='ltr'><strong>Anam,</strong></span> <span class='ocrx_word' id='word_1_243' title='bbox 383 2708 448 2751; x_wconf 72' lang='lat'><strong>11&#39;3</strong></span> <span class='ocrx_word' id='word_1_244' title='bbox 475 2709 568 2741; x_wconf 80' lang='lat' dir='ltr'><strong>Onai·</strong></span> <span class='ocrx_word' id='word_1_245' title='bbox 594 2720 622 2741; x_wconf 81' lang='lat' dir='ltr'><strong>s.</strong></span> <span class='ocrx_word' id='word_1_246' title='bbox 650 2709 777 2749; x_wconf 72' lang='lat' dir='ltr'><strong>Onarr,</strong></span> <span class='ocrx_word' id='word_1_247' title='bbox 809 2710 848 2751; x_wconf 88' lang='lat' dir='ltr'><strong>U,</strong></span> <span class='ocrx_word' id='word_1_248' title='bbox 875 2710 914 2753; x_wconf 89' lang='lat' dir='ltr'><strong>S,</strong></span> <span class='ocrx_word' id='word_1_249' title='bbox 942 2709 997 2750; x_wconf 83' lang='lat' dir='ltr'><strong>St,</strong></span> <span class='ocrx_word' id='word_1_250' title='bbox 1023 2711 1068 2743; x_wconf 88' lang='lat' dir='ltr'><strong>H.</strong></span> <span class='ocrx_word' id='word_1_251' title='bbox 1101 2728 1146 2734; x_wconf 97' lang='lat'>—</span> <span class='ocrx_word' id='word_1_252' title='bbox 1189 2709 1230 2751; x_wconf 68' lang='grc' dir='ltr'><strong>Π)</strong></span> <span class='ocrx_word' id='word_1_253' title='bbox 1257 2710 1313 2749; x_wconf 85' lang='lat' dir='ltr'><strong>ok,</strong></span> <span class='ocrx_word' id='word_1_254' title='bbox 1341 2709 1423 2740; x_wconf 75' lang='lat' dir='ltr'><strong>add.</strong></span> 
     </span>
     <span class='ocr_line' id='line_1_32' title="bbox 87 2766 1422 2825; baseline 0.001 -26"><span class='ocrx_word' id='word_1_255' title='bbox 87 2766 142 2825; x_wconf 70' lang='lat' dir='ltr'><strong>W,</strong></span> <span class='ocrx_word' id='word_1_256' title='bbox 167 2787 210 2791; x_wconf 82' lang='lat'>—</span> <span class='ocrx_word' id='word_1_257' title='bbox 243 2768 287 2811; x_wconf 67' lang='lat'><strong>¹⁸)</strong></span> <span class='ocrx_word' id='word_1_258' title='bbox 313 2781 334 2801; x_wconf 79' lang='lat' dir='ltr'><strong>a</strong></span> <span class='ocrx_word' id='word_1_259' title='bbox 361 2769 466 2812; x_wconf 79' lang='lat' dir='ltr'><strong>[hana</strong></span> <span class='ocrx_word' id='word_1_260' title='bbox 492 2770 553 2803; x_wconf 60' lang='lat' dir='ltr'><strong>:itti</strong></span> <span class='ocrx_word' id='word_1_261' title='bbox 580 2771 766 2813; x_wconf 64' lang='lat' dir='ltr'><strong>Doglingr,</strong></span> <span class='ocrx_word' id='word_1_262' title='bbox 797 2771 844 2813; x_wconf 81' lang='lat'><strong>1],·</strong></span> <span class='ocrx_word' id='word_1_263' title='bbox 872 2771 961 2804; x_wconf 80' lang='lat' dir='ltr'><strong>hana</strong></span> <span class='ocrx_word' id='word_1_264' title='bbox 992 2771 1052 2803; x_wconf 66' lang='lat' dir='ltr'><strong>:itii</strong></span> <span class='ocrx_word' id='word_1_265' title='bbox 1081 2771 1273 2812; x_wconf 77' lang='lat' dir='ltr'><strong>Derlingr,</strong></span> <span class='ocrx_word' id='word_1_266' title='bbox 1301 2769 1361 2810; x_wconf 73' lang='lat' dir='ltr'><strong>Sl,</strong></span> <span class='ocrx_word' id='word_1_267' title='bbox 1389 2770 1422 2801; x_wconf 88' lang='lat' dir='ltr'><em>H</em></span> 
     </span>
    </p>
   </div>
  </div>
 </body>
</html>
