1811 3256
46 204 94 250 C.
132 200 238 248 4-6.
580 214 837 248 PRAEFATm.
1345 193 1401 240 15

45 341 189 387 sertim
214 339 351 399 ipsum
376 337 586 382 Priamum
613 349 690 396 pro
709 332 874 379 Vodine
902 332 1080 389 habent3
1111 331 1224 393 quod
1251 333 1402 376 mirum

46 421 189 466 haberi
217 436 302 464 non
330 417 483 476 debet,
510 431 639 477 quum
666 415 855 459 Priamus
884 419 1001 458 ortus
1029 419 1143 458 esset
1168 428 1192 456 a
1221 414 1402 457 Saturno

46 504 115 547 illo
138 536 150 561 ,
204 516 331 562 quem
367 498 494 543 deum
536 498 673 557 ipsum
719 496 846 540 fuisse
892 494 1005 539 orbis
1049 492 1402 554 septemtrionalis

45 584 173 642 longo
194 588 384 641 tempore
404 576 591 623 credidit.

112 662 157 708 5.
225 662 306 706 Hic
325 662 536 705 Saturnus
549 658 589 701 in
608 656 743 701 insula
762 656 887 700 maris
908 655 1096 713 Graeciae,
1128 655 1254 700 Creta
1274 652 1402 711 dicta,

46 743 248 800 adolevit3
300 741 334 785 is
391 739 543 784 ceteris
594 736 833 782 hominibus
878 743 1049 782 staturae
1090 733 1402 795 magnitudine,

45 825 199 870 robore
231 822 376 868 virium
407 826 450 865 et
478 817 787 880 pulchritudine
815 817 1031 879 praestitit3
1058 832 1205 862 omnes
1225 822 1310 860 tam
1329 829 1404 859 sa·-

46 905 226 967 pientia,
256 916 382 964 quam
408 887 557 945 ceteris
585 905 746 944 naturae
766 899 910 958 bonis,
938 898 1194 943 antecelluit.
1248 896 1403 942 Multas

45 1000 214 1048 quoque
241 989 368 1041 artes,
406 988 528 1026 antea
546 997 631 1026 non
649 981 853 1039 inventas,
883 979 1061 1038 detexit3
1090 978 1205 1037 artis,
1233 977 1403 1038 spiritus

44 1065 259 1127 Pythonici
286 1064 432 1122 dictae,
471 1069 557 1107 tam
583 1062 742 1123 peritus
770 1062 868 1120 fuit,
905 1068 953 1106 ut
985 1077 1053 1106 res
1091 1061 1252 1105 suturas
1285 1072 1403 1118 prae-

45 1146 202 1204 sciret,
249 1144 354 1190 rude
383 1144 601 1188 metallum
629 1144 670 1188 in
696 1149 809 1188 terra
834 1142 1022 1201 invenit,
1059 1141 1110 1185 de
1140 1155 1224 1201 quo
1254 1154 1405 1183 aurum

44 1226 178 1284 coxit,
215 1225 366 1287 quibus
393 1224 522 1270 rebus
549 1224 665 1269 brevi
693 1231 843 1285 potens
875 1224 1023 1269 extitit.
1077 1224 1288 1267 Praeterea
1308 1226 1402 1265 sta-

43 1315 134 1354 tum
162 1322 339 1351 annonae
364 1306 603 1367 multasque
624 1306 723 1350 alias
742 1321 810 1350 res
830 1304 1014 1350 occultas
1034 1301 1225 1364 praedixit
1234 1317 1245 1360 3
1274 1308 1402 1362 atque

44 1389 150 1434 hanc
177 1387 231 1433 ob
260 1403 450 1432 caussam
474 1386 712 1448 multasque
743 1386 842 1431 alias
869 1402 966 1431 eum
993 1380 1237 1446 praesectum
1255 1382 1402 1427 insulae

45 1475 255 1515 crearunt.
309 1468 386 1513 Cui
413 1483 544 1529 quum
569 1483 645 1528 per
672 1467 800 1512 breve
828 1474 995 1528 tempus
1015 1464 1275 1527 praesuisset,
1305 1479 1404 1508 om-

45 1551 294 1610 nigenarum
320 1549 489 1610 frugum
516 1548 754 1594 uberrimus
783 1554 1010 1610 proventus
1040 1546 1188 1592 extitit.
1240 1544 1404 1590 Ibidem

45 1638 160 1677 tanta
196 1637 286 1676 erat
319 1646 462 1675 rerum
499 1630 639 1691 copia,
682 1636 730 1675 ut
772 1630 876 1675 nulli
919 1629 1101 1687 nummi,
1147 1627 1224 1672 nisi
1260 1626 1403 1684 aurei,

46 1712 205 1773 recepti
216 1718 379 1769 essent3
411 1718 454 1756 et
471 1711 658 1773 quamvis
678 1727 831 1771 magna
849 1726 992 1756 rerum
1011 1709 1062 1754 ad
1083 1709 1209 1753 vitam
1228 1713 1403 1752 susten-

48 1793 218 1840 tandam
235 1793 566 1838 necessariarum
589 1792 727 1853 inopia
748 1792 839 1836 aliae
865 1798 989 1836 terrae
1008 1794 1322 1851 premerentur,
1344 1787 1406 1832 his

47 1875 148 1920 locis
168 1889 382 1935 nunquam
403 1873 625 1918 difficultas
646 1888 822 1917 annonae
843 1879 948 1931 erat,
968 1870 1238 1932 indidemque
1259 1883 1406 1914 omnes

47 1972 132 2015 res,
160 1955 313 2017 quibus
334 1955 400 1999 alii
420 1953 678 2014 indigebant,
706 1954 792 2015 peti
810 1958 1054 2015 potuerunt.
1106 1953 1270 1996 Harum
1288 1949 1406 1994 mul-

48 2043 271 2098 tarumque
311 2035 485 2080 aliarum
521 2035 807 2093 invisibilium,
852 2034 1005 2096 quibus
1045 2031 1246 2094 praeditus
1290 2036 1407 2089 erat,

49 2117 250 2162 virtutum
286 2115 492 2161 beneficio
528 2117 683 2162 factum
708 2122 796 2174 est,
838 2122 886 2160 ut
911 2131 1009 2160 eum
1034 2113 1161 2158 deum
1186 2128 1279 2157 esse
1307 2127 1408 2156 cre-

48 2197 213 2246 derent.
282 2196 404 2243 Unde
444 2197 551 2242 alter
584 2213 704 2243 error
732 2203 850 2243 ortus
879 2203 944 2242 est
966 2196 1076 2241 inter
1101 2197 1326 2241 Cretenses
1365 2198 1409 2237 et

48 2279 330 2337 Macedones,
377 2278 733 2340 quemadmodum
761 2279 831 2323 ille
859 2277 976 2339 prior
1002 2277 1112 2321 inter
1135 2275 1330 2337 Assyrios
1366 2280 1410 2319 et

52 2357 271 2406 Chaldaeos
291 2375 314 2404 a
332 2361 558 2405 Zoroastre
579 2361 792 2421 profectus
812 2366 916 2405 erat.
977 2359 1036 2404 At
1055 2360 1279 2420 Saturnus,
1301 2371 1407 2401 sen-

51 2440 184 2499 tiens,
225 2441 498 2502 quantumin
528 2457 573 2486 se
602 2440 806 2502 praesidii,
843 2440 988 2502 populi
1019 2439 1203 2499 judicio,
1251 2436 1407 2483 civibus

53 2528 188 2581 esset,
215 2537 261 2566 se
290 2521 416 2566 deum
436 2537 547 2581 esse,
569 2523 747 2584 coelique
766 2537 814 2567 ac
831 2527 955 2567 terrae
975 2521 1247 2582 omniumque
1266 2534 1408 2564 rerum

43 2601 360 2671 >¹moderatorem
381 2603 601 2649 simulavit.

186 2683 234 2730 6.
301 2684 456 2744 Aliquo
486 2690 677 2745 tempore
696 2700 800 2730 nave
820 2685 859 2728 in
880 2683 1083 2729 Graeciam
1104 2680 1289 2740 trajecit,
1321 2684 1410 2722 erat

54 2762 166 2806 enim
186 2763 241 2807 ibi
260 2764 371 2823 regis
392 2764 566 2824 alicujus
586 2766 668 2810 filia
684 2800 694 2811 .
725 2765 843 2824 cujus
864 2780 1006 2810 amore
1026 2762 1265 2808 tenebatur.
1319 2761 1409 2803 Hae
