1811 3256
82 207 130 251 C.
166 203 245 251 46.
465 220 765 255 nummario
792 219 1050 252 cavum.
1342 205 1431 252 155

82 343 325 401 ostendens,
363 357 462 387 vero
482 342 614 387 simile
635 358 751 397 esse,
789 357 885 386 eum
910 356 1060 400 magna
1091 341 1310 401 praeditum
1339 359 1431 387 esse

78 425 322 484 velocitate,
360 423 393 468 si
421 424 500 468 hoc
528 430 738 468 certamen
757 422 964 467 sustinere
984 422 1138 466 valeat:
1177 421 1274 466 dicit
1293 429 1431 467 tamen

77 521 123 551 se
142 506 221 549 hoc
239 521 333 549 mox
355 511 628 549 tentaturum.
695 504 841 562 Itaque
861 503 994 562 surgit
1010 503 1167 547 Lokius
1187 503 1433 562 Utgarden-

77 586 132 631 sis
153 593 279 646 atque
310 586 536 645 egreditur.
605 585 709 628 Erat
734 583 789 627 ibi
819 583 1014 628 eximium
1042 583 1246 643 spatium,
1284 584 1433 644 planus

77 683 269 727 campus„
308 667 360 711 ad
389 664 694 712 decurrendum
714 664 967 724 aptissimus.
1037 666 1143 708 Tum
1171 665 1329 709 Lokius
1348 666 1434 710 Ut-

78 747 294 806 gardensis
315 747 488 792 advocat
506 746 557 791 ad
577 761 622 790 se
642 746 863 806 puerulum
884 745 1109 806 quendam,
1147 746 1217 806 qui
1237 746 1435 789 nomina-

77 836 144 873 tus
165 835 229 873 est
248 829 428 888 Hugius,
451 842 631 887 eumque
651 842 776 870 cursu
795 842 887 871 cum
909 827 1095 886 Thjalvio
1116 834 1277 871 certare
1290 826 1432 886 jussit.

76 910 174 954 Mox
194 910 374 969 primum
400 907 577 952 stadium
598 907 843 966 decurrunt⁷
881 908 919 951 in
949 924 1032 968 quo
1052 907 1219 967 Hugius
1250 923 1299 951 eo
1320 923 1434 968 prze-

76 989 193 1048 stitit7
232 989 344 1050 quod
363 989 541 1033 decurso
571 989 703 1049 spatio
723 1005 948 1033 conversus
979 989 1016 1032 ei
1036 1004 1081 1032 se
1101 988 1267 1033 obvium
1288 989 1431 1033 ferret.

75 1071 156 1115 Hic
179 1070 337 1116 Lokius
368 1069 662 1129 Utgardensis:
700 1086 804 1131 opus
833 1070 905 1115 tibi
937 1070 1038 1127 erit7
1076 1069 1259 1127 Thjalvi,
1297 1069 1329 1113 si
1356 1070 1434 1114 hoc

75 1152 301 1196 certamine
321 1151 484 1195 vincere
514 1151 688 1211 cogitas7
726 1151 831 1195 vires
851 1151 983 1210 magis
1012 1150 1251 1207 intendere3
1288 1166 1433 1194 verum

77 1239 217 1277 tamen
237 1232 454 1277 fatendum
475 1239 554 1290 est⁷
585 1233 665 1276 huc
684 1249 766 1276 non
787 1232 1003 1277 advenisse
1023 1232 1228 1289 homines,
1249 1232 1318 1292 qui
1337 1247 1434 1276 meo

69 1313 227 1373 judicio
246 1313 399 1374 pedum
420 1314 662 1374 pernicitate
692 1315 782 1374 plus
814 1313 1032 1358 valuerint.
1103 1312 1249 1374 Itaque
1276 1312 1435 1356 decur-

74 1401 174 1439 runt
192 1395 359 1453 iterum,
381 1411 509 1456 quum
530 1410 628 1439 vero
648 1395 812 1454 Hugius
833 1394 882 1439 ad
903 1395 1029 1439 finem
1049 1394 1167 1438 stadii
1186 1399 1434 1454 pervenerat

76 1482 120 1520 et
147 1491 191 1520 se
212 1482 500 1535 converterat7
538 1477 663 1535 longo
688 1476 774 1535 jam
801 1476 871 1520 teli
893 1476 1009 1536 jactu
1036 1475 1246 1535 Thjalvius
1272 1475 1432 1520 aberat.

77 1558 186 1601 Tum
210 1556 368 1601 Lokius
396 1557 694 1617 Utgardensis:
730 1558 839 1602 bene
871 1557 1040 1618 quidem
1070 1557 1250 1617 spatium
1277 1556 1434 1600 decur-

76 1654 172 1682 rere
202 1638 300 1682 mihi
332 1638 549 1697 videmini,
587 1655 697 1683 nunc
724 1654 822 1682 vero
850 1655 933 1682 non
961 1638 1126 1682 confido
1153 1638 1241 1681 sore
1276 1644 1323 1680 ut
1358 1638 1437 1681 hoc

77 1718 303 1763 certamine
323 1719 582 1778 vincat3jam
602 1735 700 1764 vero
720 1719 887 1766 docebit
906 1726 1095 1777 eventus,
1116 1734 1245 1779 quum
1264 1718 1435 1762 tertium

78 1799 258 1844 stadium
293 1798 568 1845 decurrerint.
639 1802 745 1845 Tum
782 1800 1009 1845 decurrunt
1044 1800 1195 1858 tertio,
1230 1799 1301 1843 ubi
1337 1813 1437 1842 vero

76 1880 244 1939 Hugius
280 1887 435 1925 metam
480 1882 676 1941 attigerat
711 1897 841 1942 seque
878 1886 1173 1938 converterat,
1227 1879 1437 1939 Tlijalvius

78 1961 264 2005 nondum
299 1962 338 2005 in
364 1962 548 2007 medium
585 1962 766 2008 stadium
803 1968 1067 2022 pervenerat.
1137 1963 1256 2007 Tunc
1291 1975 1437 2004 omnes

77 2041 366 2102 declararunt7
404 2043 483 2088 hoc
507 2051 718 2088 certamen
740 2043 837 2087 satis
857 2049 1064 2088 tentatum
1093 2059 1201 2087 esse.
1273 2040 1437 2086 Deinde

76 2122 235 2168 Lokius
255 2124 533 2184 Utgardensis
553 2125 735 2170 Thorem
758 2125 1006 2184 interrogat,
1044 2139 1235 2185 quaenam
1263 2123 1345 2167 sint
1363 2138 1438 2166 ar-

76 2210 163 2262 tes,
201 2220 378 2265 quarum
405 2206 615 2266 specimen
637 2206 801 2267 publice
821 2205 1045 2251 ostendere
1066 2206 1188 2264 velit⁷
1225 2204 1342 2264 cujus
1368 2204 1439 2248 in-

78 2286 218 2345 gentia
246 2286 425 2331 facinora
454 2287 643 2331 homines
669 2294 830 2331 tantum
869 2287 1131 2332 sermonibus
1169 2286 1436 2332 celebrarint.

78 2366 194 2411 Thor
213 2366 418 2425 ostendit,
457 2383 501 2411 se
529 2367 787 2428 potissimum
816 2384 908 2412 eam
938 2375 1071 2412 artem
1100 2367 1290 2428 profiteri
1318 2367 1437 2425 velle,

78 2453 126 2491 ut
143 2463 238 2492 cum
258 2447 394 2509 aliquo
415 2448 583 2493 homine
603 2449 786 2509 potando
806 2456 953 2494 certet.
1023 2449 1179 2494 Lokius
1193 2447 1438 2508 Utgarden-

80 2528 158 2586 sis,
195 2529 274 2573 hoc
293 2530 746 2590 probato,.regressus
774 2531 813 2575 in
840 2532 975 2575 aulam
1006 2530 1178 2575 advocat
1197 2530 1439 2590 pincernam

80 2624 224 2668 suum,
263 2626 444 2672 eumque
471 2627 638 2656 sumere
664 2611 788 2671 jubet
816 2628 946 2657 cornu
976 2612 1166 2672 poenale⁷
1205 2627 1289 2672 quo
1317 2609 1437 2654 aulici

80 2690 225 2734 bibere
256 2692 432 2736 soleant.
503 2693 600 2737 Mox
632 2693 770 2753 prodit
798 2694 1017 2754 pincerna7
1061 2709 1192 2737 cornu
1228 2691 1435 2747 adserens,

81 2772 291 2833 Thorique
310 2772 350 2817 in
369 2789 538 2818 manum
559 2774 697 2818 tradit.
736 2774 815 2818 Hic
832 2775 987 2820 Lokius
998 2773 1295 2834 Utgardensis:
1316 2785 1438 2816 com-
