1811 3256
126 201 175 246 C.
217 198 389 246 33-35.
535 217 595 247 DE
623 216 837 248 Dic'rioxss
864 214 1069 247 POE'HCA.
1391 197 1482 244 341

390 354 517 400 quem
553 339 650 383 mihi
689 353 764 398 pro
801 337 1017 396 gigantum

392 420 561 480 potione
598 419 788 480 princeps
825 417 952 462 dedit.

192 498 271 546 34.
328 502 413 546 Cur
431 517 579 545 aurum
599 500 832 560 appellatur
852 513 1016 556 gemma
1037 498 1120 542 sive
1142 499 1254 543 frons
1266 498 1484 544 Glaseris‘?

122 584 169 626 ln
189 583 382 641 Asgardo
401 589 495 627 ante
526 583 635 626 sores
656 580 850 625 Valhallae
880 580 995 623 lucus
1016 586 1094 637 cst,
1132 581 1279 624 Glaser
1298 587 1483 638 vocatus,

125 662 245 722 cujus
275 679 419 707 omnes
447 662 616 707 frondes
641 661 765 705 rutilo
797 675 899 704 auro
927 668 1143 718 constant,
1189 668 1235 706 ut
1263 662 1302 706 l1i
1339 677 1481 706 versus

124 750 357 803 testantur,
396 744 532 805 quod:

388 826 536 870 Glaser
572 831 651 869 stat

388 922 484 950 cum
521 922 647 950 aurea
685 904 829 949 fronde

385 994 482 1031 ante
520 988 692 1047 Sigtyris
730 987 891 1046 palatia.

123 1070 231 1122 Quae
261 1068 387 1112 arbor
413 1068 521 1112 inter
546 1067 647 1111 deos
678 1075 720 1112 et
748 1068 935 1112 homines
962 1066 1241 1126 pulcherrima
1268 1074 1345 1111 est.

190 1148 269 1194 35.
340 1150 478 1203 Quam
507 1149 560 1194 ob
588 1164 678 1193 rem
708 1163 855 1193 aurum
887 1148 1119 1208 appellatur
1153 1147 1481 1207 capillamentum

126 1229 269 1274 Sivae?
303 1230 461 1274 Lokius
481 1232 656 1290 vaeyse
676 1230 783 1273 filius
805 1229 974 1273 vafritiae
1003 1227 1327 1288 (ostendendae)
1347 1230 1479 1288 gratia

125 1311 258 1355 crines
280 1311 385 1355 Sivae
406 1311 668 1355 detonderat.
740 1312 837 1365 Quo
865 1310 1151 1354 animadverso
1172 1310 1286 1354 Tlior
1303 1310 1482 1354 Lokium

124 1391 360 1451 prehendit,
398 1392 642 1452 singulaque
663 1391 752 1451 ejus
774 1407 868 1435 ossa
888 1390 1161 1449 contudisset,
1191 1391 1264 1435 nisi
1281 1391 1481 1450 jurasset,

121 1487 166 1516 se
186 1472 236 1517 ab
260 1473 477 1517 Svartalvis
504 1472 656 1532 (nigris
676 1472 792 1517 Alvis
821 1489 854 1518 s.
877 1472 1033 1532 geniis)
1055 1472 1400 1533 impetraturum,
1436 1479 1484 1517 ut

124 1553 230 1597 Sivae
249 1554 600 1613 capillamentum,
638 1554 751 1615 quod
770 1569 888 1598 more
907 1554 1149 1614 capillorum
1169 1560 1393 1613 cresceret,
1431 1570 1482 1599 ex

123 1649 226 1678 auro
253 1635 523 1680 conficerent.
595 1637 692 1690 Quo
722 1637 828 1680 sacto
857 1635 1014 1680 Lokius
1042 1650 1171 1679 nanos
1199 1633 1312 1695 adiit,
1350 1634 1481 1680 dictos

124 1715 261 1759 lvaldii
292 1715 420 1774 filios,
459 1717 529 1777 qui
557 1717 916 1776 capillamentum,
956 1715 1302 1761 Skidbladncrem
1332 1722 1374 1760 et
1400 1717 1482 1760 ha-

124 1803 246 1855 stam,
284 1812 377 1857 quae
408 1797 533 1842 Odini
569 1797 661 1856 fuit7
699 1798 971 1856 Gungnerem
1008 1796 1174 1855 dictam,
1212 1796 1483 1843 fabricarunt.

124 1879 232 1922 Tum
251 1878 408 1921 Lokius
429 1893 523 1922 cum
542 1894 665 1938 nano,
703 1878 768 1922 cui
787 1877 956 1922 Brokko
977 1893 1146 1935 nomen,
1183 1877 1359 1938 pignore
1382 1894 1483 1922 cer-

123 1959 238 2017 tavit,
276 1959 498 2019 sponsione
525 1960 564 2003 in
591 1965 715 2019 caput
741 1975 861 2003 suum
893 1960 1014 2017 sacta,
1052 1959 1086 2003 si
1116 1959 1244 2003 frater
1272 1958 1362 2018 ejus
1383 1959 1484 2004 Sin-

123 2040 237 2084 drius
266 2040 426 2084 cimelia
455 2055 575 2101 aeque
601 2040 775 2097 eximia,
813 2046 939 2098 atque
968 2041 1055 2084 haee
1084 2046 1230 2099 erant,
1267 2040 1483 2085 elaborare

126 2128 284 2182 posset.
354 2120 435 2166 Ubi
457 2121 494 2165 in
517 2121 721 2165 officinam
742 2127 958 2180 venerunt,
997 2120 1184 2166 Sindrius
1204 2121 1354 2182 pellem
1375 2121 1483 2166 suil-

125 2203 208 2246 lam
228 2203 268 2246 in
291 2202 492 2246 ustrinam
513 2198 702 2261 conjecit,
729 2202 1028 2263 Brokkumque
1046 2202 1190 2247 inflare
1210 2203 1328 2247 folles
1342 2202 1483 2263 jussit,

125 2300 266 2343 neque
289 2283 401 2343 prius
423 2284 648 2339 desistere,
687 2300 811 2344 quam
838 2283 1071 2342 conjectum
1100 2284 1139 2328 in
1166 2284 1367 2328 ustrinam
1389 2283 1483 2328 inde

126 2372 228 2404 riori
250 2382 364 2403 mauu
388 2371 574 2414 scriptum
601 2381 680 2404 esse
705 2372 879 2414 videtur,
919 2373 1055 2405 lacuna
1083 2383 1103 2404 α
1128 2372 1253 2415 prima
1279 2381 1392 2404 manu
1417 2381 1483 2404 re-

125 2434 228 2466 licta.
253 2451 298 2456 ——
329 2433 378 2476 ¹⁵)
404 2433 462 2465 sic
488 2432 598 2475 Rey„
633 2433 699 2464 sed
723 2438 765 2465 ut
787 2433 939 2466 videtur
963 2435 1079 2466 multo
1116 2433 1258 2466 seriori
1282 2443 1395 2466 manu
1421 2437 1487 2466 aut

124 2495 164 2527 t‘n
191 2496 326 2528 lacuna
360 2494 546 2537 scriptum
581 2499 647 2526 ant
669 2494 798 2537 potius
833 2505 882 2527 ea:
908 2495 995 2527 Eia-i
1022 2500 1214 2528 mutatum.
1262 2495 1384 2536 AEstri,
1420 2494 1483 2536 W3

125 2556 225 2598 Eitri,
253 2558 346 2589 756.
372 2576 417 2580 -
448 2556 498 2599 ¹⁶)
526 2566 595 2591 om.
622 2558 679 2597 W,
707 2556 797 2588 756.
825 2576 870 2580 —
899 2557 948 2600 Π)
975 2557 1033 2590 sic
1057 2557 1172 2599 neq„
1199 2558 1314 2590 vmclto
1341 2555 1485 2589 seriori

125 2628 239 2650 manu
253 2628 301 2650 ex
312 2617 400 2650 Eitri
423 2623 616 2652 unctulum.
660 2617 763 2649 AEitri
779 2618 924 2661 (Eitri),
948 2618 1003 2658 W,
1020 2619 1111 2651 756.
1126 2637 1170 2642 —
1194 2617 1239 2662 1Θ)
1257 2618 1382 2651 brdbur
1395 2617 1486 2658 sinn,

126 2679 212 2711 add.
231 2678 284 2719 W,
299 2680 386 2714 757.
409 2698 455 2703 —-
492 2679 543 2723 ¹⁹]
571 2680 628 2712 sic
642 2680 695 2723 W,
709 2680 808 2722 7563
836 2684 883 2719 at,
899 2681 988 2724 Rey.
1012 2699 1057 2703 —
1084 2679 1136 2722 ²⁰)
1152 2691 1173 2712 a
1201 2679 1263 2722 [er
1277 2679 1370 2721 (om.
1383 2678 1487 2721 756]

125 2740 216 2772 hann
241 2740 337 2773 hafbi
362 2740 372 2772 i
400 2741 484 2782 lagt,
511 2741 563 2780 W,
590 2738 682 2773 756.
706 2758 751 2764 ——
778 2739 829 2785 Ἢ)
854 2752 913 2774 var
936 2742 1028 2774 brott
1052 2741 1212 2785 gcnginn,
1243 2740 1297 2781 W,
1324 2740 1417 2773 756.
1442 2757 1487 2763 ——

126 2798 180 2843 22)
207 2812 228 2833 a
255 2801 318 2844 [ok
343 2801 452 2848 begar
478 2801 565 2842 gcck
594 2802 686 2835 hann
713 2812 750 2836 or
776 2802 984 2845 smibjunni3
1011 2813 1050 2837 en
1077 2814 1148 2836 sem
1174 2803 1255 2836 hinn
1282 2800 1374 2843 bles,
1400 2799 1446 2835 H.
