1811 3256
93 237 141 280 C.
171 234 248 282 82.
563 253 733 284 anvis
771 252 987 285 mmmm.
1344 235 1437 281 607

189 373 270 420 82.
343 374 498 429 Quales
535 380 629 418 sunt
664 374 770 435 tropi
805 372 1013 434 figurati?
1048 399 1113 405 —
1151 373 1216 420 Uti
1253 375 1370 419 haec:

203 455 247 500 6.
293 454 497 501 Cordatus
534 455 722 516 princeps
759 456 854 499 facit
888 455 1020 516 proelii

289 536 466 581 natrices
501 551 652 596 repere
690 536 845 596 vaginae
882 536 1092 593 semitam3

291 616 445 661 validus
482 617 627 676 anguis
663 632 814 677 pugnae
849 617 988 661 subito
1025 618 1109 662 exit

290 714 312 742 e
348 698 471 742 rectis
507 698 741 742 balteorum
779 698 963 754 exuviis3

289 794 460 838 serpens
498 779 729 838 gladiorum
766 779 1040 823 altercationis

288 861 418 903 rivum
456 860 663 918 sanguinis
701 875 889 920 quaerere
926 860 1161 918 contendit,

288 942 433 1000 anguis
470 942 716 985 cadaverum
752 941 874 984 animi
911 942 1095 985 tramites
1132 943 1349 1002 percurrit,

289 1023 485 1066 festinans
522 1022 573 1066 ad
609 1021 784 1065 calidum
824 1022 945 1066 caedis
982 1029 1226 1067 torrentem.

87 1105 253 1164 Tropus
274 1104 475 1163 figuratus
497 1109 575 1159 est,
598 1118 725 1162 quum
746 1103 836 1163 quis
855 1103 1035 1162 gladium
1056 1104 1234 1163 appellat
1253 1119 1433 1163 serpen-

89 1192 200 1244 tem,
236 1191 436 1245 recteque
456 1183 774 1241 circumscribit,
811 1184 996 1242 vaginam
1019 1199 1115 1227 vero
1136 1183 1304 1228 semitas
1325 1184 1431 1242 ejus,

86 1265 225 1310 baltea
255 1272 298 1309 et
316 1265 524 1324 cingulum
546 1264 709 1308 exuvias
731 1264 818 1323 ejus
839 1271 1034 1325 usurpat3
1072 1265 1264 1309 nimirum
1286 1272 1432 1309 natura

86 1345 292 1406 serpentis
321 1346 414 1398 sert,
452 1353 498 1389 ut
527 1345 696 1404 abjectis
727 1346 882 1389 exuviis
903 1346 951 1389 ad
973 1361 1123 1406 aquam
1144 1352 1285 1406 repat3
1323 1346 1431 1401 hine,

86 1433 208 1487 tropo
244 1427 421 1485 figurato
458 1426 672 1482 adhibito,
720 1441 892 1486 serpens
930 1426 1078 1471 dieitur
1113 1427 1335 1487 quaesitum
1372 1427 1432 1471 ire

84 1508 216 1552 rivum
252 1507 493 1567 sanguinis,
541 1514 583 1552 et
617 1507 739 1551 animi
776 1507 993 1565 tramites,
1049 1509 1126 1552 hoc
1163 1514 1227 1552 est
1262 1514 1432 1568 pectora

85 1589 321 1646 hominum,
358 1595 617 1649 perreptare.
687 1589 792 1632 Tum
828 1589 936 1649 tropi
971 1589 1137 1648 figurati
1172 1589 1280 1633 bene
1310 1604 1432 1633 com-

86 1669 206 1730 positi
252 1669 569 1727 existimantur,
625 1685 753 1729 quum
797 1669 928 1728 ligura
964 1670 1153 1714 inchoata
1189 1685 1265 1730 per
1299 1676 1431 1714 totam

86 1750 299 1810 stropham
334 1750 611 1794 continuatur.
683 1750 724 1794 Si
750 1766 847 1794 vero
878 1750 1039 1809 gladius
1070 1750 1248 1811 (primo)
1281 1751 1431 1810 appel-

86 1832 195 1876 latur
223 1846 418 1891 serpens,
457 1830 605 1874 deinde
626 1846 723 1874 vero
743 1831 862 1891 piscis
884 1838 954 1875 aut
972 1832 1106 1891 virga,
1146 1832 1273 1876 aliove
1305 1831 1430 1875 modo

86 1912 304 1973 appellatio
332 1911 524 1969 variatur,
562 1912 639 1955 hoc
668 1911 815 1955 dicitur
842 1912 1120 1972 hippopotami
1145 1913 1273 1957 instar
1290 1913 1429 1957 varia-

84 1994 167 2039 bile
182 2003 217 2052 ἢ,
255 2000 297 2038 et
324 2009 398 2053 pro
428 1992 573 2036 vitioso
603 1992 796 2037 habetur.
866 1995 958 2037 Jam
980 1994 1167 2054 exempla
1189 1994 1309 2038 allata
1335 2000 1431 2038 sunt

84 2075 206 2120 metri
226 2074 401 2119 collatati
421 2074 604 2134 quinque
624 2074 755 2118 modis
777 2074 941 2137 variati,
980 2073 1129 2118 eodem
1148 2081 1285 2119 tamen
1306 2074 1428 2119 metri

84 2173 240 2217 genere
267 2161 382 2200 recto
413 2161 454 2198 et
480 2154 677 2199 invariato
699 2162 983 2215 permanente.
1055 2156 1161 2210 Quae
1182 2156 1428 2200 variationes

83 2238 233 2299 partim
262 2243 332 2282 aut
359 2251 503 2280 omnes
538 2236 686 2295 saepius
715 2253 795 2281 una
824 2236 864 2280 in
894 2237 1063 2296 stropha
1093 2243 1348 2295 occurrunt,
1388 2243 1430 2281 et

82 2326 196 2364 recte
233 2318 434 2380 quidem,
481 2332 575 2360 nam
612 2316 968 2362 denominationes
1006 2317 1167 2378 copiam
1202 2318 1426 2362 verborum

82 2498 137 2519 vm
162 2486 228 2518 alla
254 2486 400 2525 visona,
441 2486 478 2517 U.
516 2504 559 2508 —
611 2484 656 2527 ¹⁶)
683 2497 703 2517 a
729 2485 817 2528 [sic
848 2485 912 2527 W,
950 2487 1002 2529 U,·
1040 2487 1102 2519 sva
1127 2498 1197 2520 seni
1215 2511 1223 2527 ‚
1258 2487 1348 2529 Req.
1383 2505 1427 2509 —

88 2548 135 2590 ¹⁷]
161 2549 219 2581 sic
249 2547 310 2587 JV,
343 2548 390 2586 U‚·
427 2546 485 2586 se,
513 2547 600 2589 Rey.
626 2565 669 2570 —
711 2548 758 2589 ¹⁸)
785 2548 915 2589 kannt,
946 2549 984 2581 U.
1009 2567 1053 2572 -
1096 2549 1141 2591 ¹⁹)
1167 2560 1187 2580 ιι
1215 2548 1350 2591 [addit.
1379 2558 1427 2579 ea:

83 2611 149 2651 W,
180 2610 229 2649 U3
267 2619 334 2641 om.
360 2608 448 2649 Req.
475 2626 518 2631 —
543 2606 593 2650 ²⁰)
620 2608 676 2640 Sic
702 2609 760 2648 W,
790 2609 843 2651 U,·
877 2609 1120 2656 drottqvaebvm
1146 2610 1260 2649 haetti,
1286 2609 1376 2651 Req.

174 2670 212 2713 a)
240 2671 355 2702 confer
371 2670 421 2700 ed.
438 2669 544 2700 Rask.
560 2670 680 2711 p.3l7‚
707 2669 738 2702 in
764 2670 900 2711 Figuris
921 2671 1098 2704 Orationis
1123 2673 1163 2704 de
1185 2671 1423 2712 Cacempliato‚

82 2731 136 2764 ubi
164 2732 346 2774 exemplum
374 2730 458 2773 tropi
486 2729 661 2763 variabilis
688 2732 852 2765 adfertur.
