1811 3256
106 213 154 258 C·
189 207 365 257 43-44-
486 225 789 260 LunmicA‘rio
822 221 1079 257 ernvmm.
1361 204 1448 251 141

104 352 208 396 Nani
229 350 412 412 quidam,
449 349 518 393 filii
537 348 693 405 Ivaldii,
730 345 1077 391 Skidbladnerem
1105 345 1373 405 fabricarunt,
1410 353 1455 390 ct

105 434 210 477 hane
232 447 381 476 navem
399 433 535 491 Freyo
563 429 792 485 dederunt3
829 442 922 489 quae
948 426 1061 470 navis
1090 432 1215 471 tantae
1234 429 1453 487 magnitu-

104 514 208 558 dinis
245 521 328 571 est,
381 519 428 557 ut
453 512 639 556 omnium
664 510 849 554 Asarum
887 522 981 553 cum
1017 508 1140 552 armis
1178 514 1220 553 et
1252 516 1454 569 apparatu

103 594 253 638 bellico
273 609 401 653 capax
421 593 486 638 sit.
553 591 703 636 Eidem
720 590 827 649 navi,
865 590 957 634 velo
983 585 1164 649 sublato,
1203 605 1456 651 quocunque

103 691 248 719 cursus
286 675 362 733 sit,
409 679 555 718 ventus
591 671 798 717 secundus
826 670 1024 731 adspirat.
1095 672 1177 715 Tot
1202 686 1302 715 vero
1326 669 1456 714 rebus

105 756 335 816 composita
355 761 553 815 tantaque
572 759 661 797 arte
691 752 887 797 fabricata
908 758 994 810 est,
1032 758 1100 811 ut,
1138 767 1233 797 cum
1250 751 1354 795 mari
1373 767 1456 795 non

104 835 400 881 committenda
420 841 498 895 est,
534 834 657 896 panni
682 834 813 879 instar
831 834 1014 878 convolvi
1035 834 1285 895 saeculoque
1304 830 1456 877 includi

102 918 269 978 possit.⁴

170 996 250 1044 44.
272 1000 379 1043 Tum
399 997 671 1057 Ganglerius:
692 996 840 1041 eximia
861 995 1029 1058 quidem
1050 996 1163 1041 navis
1178 993 1461 1041 Skidbladner

106 1088 191 1140 est,
234 1080 308 1125 sed
332 1095 483 1139 magna
512 1078 681 1123 scientia
708 1079 807 1123 artis
827 1078 996 1138 magicae
1017 1077 1267 1123 adhibeatur
1285 1090 1460 1121 necesse

107 1169 186 1220 est,
223 1161 395 1222 opinor,
433 1166 659 1221 antequam
688 1160 784 1204 talia
806 1160 913 1204 effici
933 1166 1106 1220 queant.
1176 1159 1460 1218 Nunquamne

105 1243 220 1288 Thor
239 1258 289 1286 eo
310 1242 522 1302 profectus
543 1247 622 1299 est,
652 1240 726 1286 ubi
746 1242 785 1285 in
805 1248 963 1286 tantam
989 1241 1135 1286 virium
1162 1238 1460 1300 magnitudinis

105 1330 178 1369 aut
200 1324 298 1368 artis
326 1323 499 1383 magieae
524 1323 604 1367 vim
631 1323 842 1383 inciderit,
878 1330 926 1368 ut
951 1324 1057 1368 vires
1084 1323 1174 1383 ejus
1196 1319 1463 1382 'superaverit

105 1404 333 1465 (aliorum)
358 1403 491 1449 robur
525 1410 598 1449 aut
630 1404 800 1465 magia?
869 1405 949 1449 Hic
964 1406 1075 1449 Har:
1114 1403 1233 1464 pauci
1269 1401 1462 1446 homines

105 1487 275 1548 opinor,
311 1486 408 1531 talia
426 1485 584 1530 referre
605 1492 803 1546 possunt,
842 1493 884 1531 et
901 1492 1042 1531 tamen
1061 1485 1191 1530 multa
1212 1489 1331 1542 sunt,
1368 1497 1463 1543 quae

107 1568 147 1613 ei
182 1568 267 1613 visa
294 1573 392 1612 sunt
420 1566 615 1611 difficilia.
691 1567 782 1612 Etsi
807 1583 906 1612 vero
934 1567 990 1612 ita
1015 1566 1164 1625 fuerit,
1207 1572 1256 1611 ut
1281 1563 1465 1610 extiterit

108 1650 247 1711 aliqua
266 1664 334 1694 res
356 1655 469 1693 tanta
487 1648 524 1693 vi
544 1655 745 1709 tantoque
764 1647 919 1693 robore
938 1647 1130 1709 praedita,
1167 1654 1215 1692 ut
1234 1647 1348 1691 Thor
1367 1644 1465 1689 inde

108 1730 320 1776 victoriam
339 1730 497 1775 referre
516 1746 600 1774 non
619 1730 819 1790 potuerit,
847 1736 987 1774 tamen
1007 1729 1086 1774 hoc
1104 1743 1274 1773 narrare
1293 1727 1465 1771 minime

109 1817 301 1873 oportet,
345 1826 396 1855 eo
433 1810 547 1872 quod
573 1811 705 1855 multa
735 1817 832 1855 sunt
859 1810 949 1869 ejus
981 1811 1043 1855 rei
1077 1809 1291 1870 exempla,
1337 1807 1465 1869 idque

110 1893 282 1938 credere
302 1907 448 1937 omnes
469 1896 653 1952 oportet,
691 1891 873 1935 Thorem
893 1906 986 1936 esse
1006 1891 1294 1935 fortissimum.
1356 1890 1466 1933 Tum

110 1974 387 2034 Ganglerius:
425 1972 514 2031 jam
539 1971 684 2017 videor
710 1972 809 2017 mihi
835 1973 1120 2031 interrogasse
1145 1987 1217 2016 vos
1246 1987 1295 2016 ea
1323 1970 1376 2015 de
1402 1985 1465 2028 re,

109 2071 234 2118 quam
255 2070 380 2099 nemo
401 2059 587 2098 vestrum
607 2052 746 2098 dicere
766 2054 911 2114 possit.
965 2055 1073 2098 Tum
1090 2053 1285 2098 Jasnhar:
1313 2052 1468 2096 relatas

110 2136 280 2198 quidem
300 2133 529 2180 audivimus
555 2149 645 2193 reS,
684 2150 786 2195 quas
813 2150 932 2179 veras
960 2151 1054 2180 esse
1081 2134 1202 2179 nobis
1224 2132 1469 2178 incredibile

109 2217 323 2275 videatur,
375 2231 521 2260 verum
556 2231 687 2276 prope
723 2216 813 2275 hie,
867 2217 1042 2277 opinor,
1088 2215 1251 2261 adsidet
1284 2215 1345 2274 is,
1398 2215 1469 2276 qui

109 2298 328 2344 veritatem
371 2296 520 2341 harum
561 2312 703 2342 rerum
748 2297 955 2343 aestimare
999 2297 1111 2342 haud
1156 2296 1293 2342 dubie
1328 2297 1468 2356 novit,

112 2387 156 2425 et
173 2379 344 2441 opinor,
382 2378 492 2423 hunc
526 2393 637 2422 nune
670 2379 803 2440 prima
836 2379 923 2424 vice
959 2395 1043 2424 non
1063 2379 1362 2437 mentiturum,
1400 2378 1470 2439 qui

111 2475 327 2521 nunquam
363 2466 485 2504 antea
519 2459 783 2505 mendacium
817 2460 980 2505 dixerit.
1051 2461 1158 2504 Tum
1197 2460 1471 2520 Ganglerius:

114 2563 178 2595 eoa
202 2564 319 2595 sterkr
343 2562 444 2604 verit,
463 2562 528 2605 W,·
554 2573 593 2595 en
619 2562 697 2608 pdtt
721 2562 786 2594 sva
811 2562 918 2595 ramir
943 2563 1027 2595 lutir
1046 2563 1114 2595 hafi
1140 2562 1179 2595 ti!
1198 2562 1298 2603 orbit,
1325 2565 1360 2594 at
1382 2562 1472 2593 hann

113 2623 208 2664 fengi
234 2624 264 2656 ei
290 2623 412 2665 sigrat,
438 2622 487 2669 {ni
512 2634 549 2656 er
575 2624 604 2656 ei
630 2624 750 2667 skyldt
772 2627 808 2656 at
827 2625 927 2665 segja
952 2624 1019 2665 fra,
1044 2623 1107 2670 {wi
1123 2626 1158 2655 at
1177 2628 1276 2664 morg
1298 2634 1355 2655 eru
1375 2621 1472 2654 daemi

114 2684 151 2716 til
176 2684 275 2731 ᾗθεε,
306 2691 387 2728 θέα,
412 2685 461 2719 Η.
485 2704 531 2709 -
560 2684 606 2728 ¹¹)
622 2686 766 2719 eoecidit
790 2686 830 2718 in
845 2686 950 2729 1129„
981 2686 1048 2718 sed
1074 2685 1191 2718 ceteri
1216 2684 1471 2727 suppeditant.

120 2744 171 2788 12)
196 2756 218 2778 a
244 2745 374 2788 [muna
400 2747 463 2786 ek,
494 2746 548 2778 W.
573 2766 620 2771 —
649 2747 695 2790 ¹³)
722 2758 744 2779 a
773 2747 829 2790 [til
856 2758 895 2780 or
920 2750 956 2780 at
981 2747 1104 2789 leysa,
1144 2747 1191 2787 U3
1217 2745 1253 2777 til
1280 2746 1473 2783 urlausnar,

119 2806 164 2841 Η.
202 2825 247 2829 a
285 2806 330 2849 14)
356 2817 425 2842 om.
465 2807 519 2840 W.
552 2826 595 2831 -
630 2806 679 2850 ¹⁵)
709 2808 764 2851 Ιό,
801 2809 840 2842 U.
865 2827 904 2833 —
939 2808 989 2851 16)
1014 2808 1104 2851 Rey.
1140 2806 1275 2840 scribit
1309 2805 1473 2840 orlavstn.
