1811 3256
104 231 150 275 C.
188 227 358 275 69-70.
514 244 573 275 ne
599 243 817 277 nica-lom:
843 244 1050 277 pom-im.
1352 225 1443 273 541

101 367 267 426 figurati
294 367 567 425 adhibentur,
605 382 650 410 os
680 366 909 427 appellatur
934 366 1070 424 navis,
1098 365 1204 410 labia
1233 366 1339 410 latus
1366 382 1447 409 na-

101 448 212 507 vigii,
241 448 379 507 lingua
398 464 537 493 remus
564 448 628 492 vel
648 448 988 506 gubernaculum.
1057 450 1217 492 Dentes
1238 446 1445 490 interdum

101 530 359 588 appellantur
378 545 473 573 saxa
501 529 564 573 rel
585 529 741 588 scopuli
761 528 983 573 verborum
1004 530 1065 573 vel
1096 529 1176 573 oris
1197 529 1258 573 vel
1278 528 1443 586 lingum.

99 610 260 669 Lingua
288 626 396 669 saepe
425 616 595 654 vocatur
630 609 785 668 gladius
815 611 1018 654 sermonis
1045 611 1107 654 vel
1145 611 1242 654 oris.
1310 609 1447 653 Barba

100 690 399 749 dieiturbard,
416 695 653 750 yro'n,aut
670 688 877 749 Ιεαηραι·
896 691 1120 751 (mystax),
1142 706 1222 751 qua
1242 689 1348 734 labia
1367 681 1451 733 ve-'

99 771 293 816 stiuntur.
365 772 546 831 Capillus
575 772 722 816 dicitur
753 770 835 832 Iabg
873 769 1059 830 leacldr,
1098 787 1221 833 quam
1249 771 1445 815 mulieres

99 852 276 909 habent,
314 851 465 911 Skope
483 860 651 897 vocatur
669 868 800 897 coma.
864 853 1045 912 Capillus
1066 853 1120 896 ita
1141 852 1445 909 denominatur,

97 939 145 977 ut
179 934 412 994 appelletur
440 934 570 994 sylva,
608 940 679 977 aut
707 934 843 994 aliquo
873 934 1068 978 arborum
1097 934 1297 978 vocabulo
1316 948 1447 977 usur-

100 1021 237 1074 petur,
258 1013 418 1072 adjecto
438 1014 639 1058 vocabulo
659 1015 782 1058 ealvae
804 1015 863 1058 vel
883 1014 1008 1058 cranii
1028 1021 1100 1058 aut
1118 1015 1280 1075 capitis:
1317 1013 1446 1059 barba

98 1110 197 1140 vero
217 1095 507 1140 denominatur
525 1110 547 1139 a
567 1102 705 1139 mento
725 1096 787 1139 vel
806 1095 922 1154 genis
942 1095 1002 1138 vel
1017 1094 1183 1153 jugulo.

163 1221 240 1268 70.
262 1223 344 1267 Cor
365 1222 512 1267 dicitur
531 1235 690 1281 729ny
713 1221 753 1265 id
772 1222 829 1266 sio
847 1221 1193 1265 denominandum
1208 1228 1285 1280 est,
1305 1226 1353 1264 ut
1367 1236 1446 1280 ap-

98 1304 278 1364 pelletur
297 1319 471 1362 granum
490 1309 560 1347 aut
579 1303 681 1363 lapis
701 1309 771 1346 aut
790 1318 958 1362 pomum
980 1309 1051 1346 aut
1071 1319 1150 1346 nux
1165 1309 1235 1346 aut
1253 1302 1446 1362 globulus

96 1391 168 1429 aut
186 1385 268 1429 tale
289 1384 402 1445 quid,
431 1384 591 1442 adjecto
621 1384 797 1444 pectoris
821 1385 883 1428 vel
903 1383 1025 1427 animi
1046 1384 1261 1428 vocabulo.
1330 1382 1446 1428 Idem

98 1466 290 1526 appellari
310 1471 448 1525 potest
466 1465 613 1509 domus
633 1465 695 1510 vel
722 1472 832 1509 terra
852 1465 914 1509 vel
941 1480 1067 1524 rupes
1088 1465 1226 1509 animi.
1296 1466 1445 1509 Pectus

96 1547 154 1591 sic
173 1546 520 1592 denominandum
541 1552 618 1605 est,
654 1552 701 1590 ut
729 1547 958 1606 appelletur
977 1546 1124 1590 domus
1153 1546 1215 1590 vel
1234 1561 1364 1605 agger
1381 1546 1444 1590 vel

96 1628 303 1688 navigium
323 1627 472 1685 cordis,
511 1627 769 1688 spiritusvel
796 1626 1010 1686 jecinoris,
1048 1633 1157 1671 terra
1188 1626 1442 1686 constantiae,

94 1709 217 1753 animi
238 1715 280 1753 et
297 1708 525 1752 memoriae.
596 1708 770 1752 Animus
799 1707 947 1751 dicitur
966 1706 1059 1768 sesi
1078 1714 1120 1752 et
1139 1709 1313 1768 sz‘asni,
1345 1714 1443 1766 ast,

96 1787 309 1848 elslmyz‘,
340 1788 444 1848 vili,
480 1803 641 1833 munr.
711 1788 887 1832 Animus
924 1788 980 1832 sic
1006 1788 1334 1833 denominandus
1363 1795 1442 1848 est,

95 1877 142 1915 ut
163 1870 394 1930 appelletur
420 1875 567 1914 ventus
596 1869 841 1913 seminarum
869 1867 1180 1928 gigantearum,
1218 1876 1259 1913 et
1285 1876 1445 1914 rectum

96 1958 175 2010 est,
213 1949 443 2012 quamlibet
462 1950 649 2008 adferre,
686 1951 785 1994 item
806 1950 1017 2009 gigantum
1044 1951 1208 1994 nomina
1229 1949 1444 2009 adhibere,

93 2039 266 2093 tumque
287 2032 444 2076 animus
464 2031 792 2076 denominandus
824 2037 887 2075 est
905 2030 956 2074 ab
976 2046 1106 2075 uxore
1136 2038 1206 2076 aut
1224 2038 1355 2076 matre
1375 2038 1446 2076 aut

95 2114 178 2158 filia
198 2112 369 2171 alicujus
391 2112 553 2157 horum.
590 2114 668 2156 Hae
688 2112 982 2172 appellationes
1005 2127 1122 2156 suam
1143 2113 1317 2157 classem
1337 2128 1443 2157 con-

94 2194 285 2238 stituunt.
338 2195 522 2238 Vocatur
540 2199 581 2237 et
599 2186 756 2237 animus
771 2190 882 2252 yetff,
901 2191 1073 2253 fiokki,
1097 2192 1248 2254 elium,
1264 2192 1443 2254 firekr,

94 2282 334 2334 nenniny,
363 2281 533 2333 minui,
567 2281 653 2332 vit,
680 2272 826 2333 skap,
854 2273 995 2334 lund,
1026 2272 1191 2336 tryyd.
1261 2277 1446 2320 Vocatur

97 2443 143 2481 U3
170 2441 213 2473 ok
241 2441 376 2480 eljunar
403 2441 463 2472 eoa
491 2440 609 2480 ilfi-ar,
635 2439 733 2471 lannd
760 2465 766 2471 .
795 2463 803 2471 .
833 2464 841 2472 .
867 2466 876 2475 .
902 2441 946 2472 ok
973 2451 1177 2481 munnzens,
1205 2442 1295 2474 757.
1320 2460 1366 2465 —-
1396 2441 1444 2483 1Β)

94 2503 152 2536 sic
181 2502 356 2543 {Vc-hara,
383 2501 472 2543 748,
490 2503 579 2540 757,
606 2501 682 2545 Ηβ;
709 2512 775 2535 om.
790 2502 895 2545 Κεφ,
921 2502 997 2546 1213.
1022 2521 1068 2526 —
1097 2502 1143 2545 ¹⁹)
1160 2503 1333 2543 chhart„
1353 2502 1443 2541 748,

94 2565 191 2603 757,
228 2564 274 2604 Ug
314 2562 416 2602 sjfflfs
442 2563 516 2602 fist,
549 2562 659 2605 Κεφ,
693 2563 755 2608 Ιεβ
789 2564 912 2606 (sjeilss
939 2575 985 2596 esc
1009 2564 1114 2604 sjafni
1140 2564 1270 2596 mendo
1296 2562 1444 2604 forma-

95 2629 170 2656 tum
183 2624 232 2667 ἓ).
258 2643 304 2647 —
329 2624 381 2666 ²⁰]
408 2624 530 2662 minui,
555 2624 600 2659 H,
625 2642 669 2647 —
692 2622 744 2668 21)
771 2624 852 2665 εὕει,
879 2626 1059 2668 {Vc-hart„
1095 2629 1182 2664 757,
1212 2623 1309 2664 748,
1338 2624 1375 2656 U.
1399 2641 1443 2646 —

94 2685 148 2728 ²²)
175 2685 278 2726 hans,
306 2686 386 2718 add.
417 2686 464 2727 U,
502 2685 548 2718 H.
578 2706 615 2711 —
643 2684 697 2728 ²³)
725 2696 791 2718 om.
819 2687 876 2729 H5
913 2699 934 2719 a
969 2687 1092 2730 [donii-
1116 2687 1219 2734 pess‚
1258 2685 1441 2726 Wclzare.‚·

94 2747 220 2786 ddttur,
247 2748 351 2789 7485
379 2746 498 2779 moour
523 2745 583 2778 eoa
609 2747 730 2789 dattur,
757 2750 855 2789 757,-
884 2749 980 2782 moer
1006 2750 1091 2781 bans
1121 2747 1180 2781 eoa
1206 2747 1304 2786 doctr,
1334 2746 1372 2778 U.
1397 2763 1441 2767 ——-

94 2807 145 2849 24)
172 2818 193 2839 α
218 2806 303 2849 [om.
333 2807 516 2848 {Vc-harh,
546 2808 582 2839 (ι’.
