1811 3256
95 219 142 262 C.
183 214 355 262 45-46.
501 232 560 264 DE
586 229 806 262 mc'rloxss
835 228 1049 260 POETwA.
1358 206 1450 253 403

357 353 541 416 pretioso
576 350 808 411 Dropneris
845 347 1021 404 sudore7

355 435 469 480 molli
503 434 643 495 pluma
681 431 900 490 serpentis,

356 553 541 601 Praebuit
573 550 754 597 liberalis
789 566 886 606 rex,

357 637 430 682 viri
466 632 749 694 accipiebant,

359 731 521 761 comam
556 713 686 771 Sivae,

359 797 534 858 glaciem
567 795 739 850 manus,

356 879 394 924 vi
430 883 634 922 extortam
669 877 809 920 Lutrae
844 875 1044 930 multam,

357 958 545 1004 lacrimas
581 956 816 1014 Mardallae,

357 1040 495 1099 ignem
534 1039 711 1095 Oronae,

359 1118 596 1181 splendidos
633 1117 709 1164 Idii
745 1130 975 1162 sermones.

358 1240 615 1286 Exliilaravit
649 1237 829 1282 bellator

358 1320 677 1379 (incedebamus
715 1317 929 1379 splendide
966 1316 1099 1361 ornati

358 1401 535 1461 Thjassii
572 1398 968 1461 disceptationibus)

356 1483 544 1528 homines
580 1482 834 1543 permultos:

357 1564 486 1609 rubro
522 1563 657 1610 Rheni
694 1563 877 1619 metallo,

357 1645 651 1705 Nillungorum
686 1643 885 1701 dissidiis,

359 1726 494 1771 audax
530 1727 597 1771 ille
633 1726 673 1769 in
710 1724 855 1785 proelio
891 1739 978 1768 rex.

361 1808 549 1852 Tueatur
584 1807 696 1851 illum
731 1807 849 1850 Deus
886 1804 953 1849 ille
989 1802 1241 1849 taciturnus!

165 1917 244 1966 46.
316 1921 362 1964 ln
391 1917 799 1962 denominationibus
820 1932 966 1960 aurum
987 1916 1216 1977 appellatur
1234 1917 1338 1976 ignis
1358 1932 1454 1961 ma-

99 2001 176 2046 nus
198 2007 268 2045 aut
296 1999 455 2044 articuli
483 2004 554 2042 aut
580 1998 751 2056 brachii,
791 1998 885 2058 quia
913 1997 1088 2042 rubrum
1118 2004 1197 2055 est,
1236 2006 1455 2057 argentum

99 2098 198 2127 vero
218 2082 284 2125 nix
306 2088 376 2125 aut
395 2080 546 2139 glacies
575 2087 646 2124 aut
663 2079 824 2139 pruina,
863 2079 956 2140 quia
977 2079 1115 2123 album
1144 2084 1221 2124 est.
1290 2078 1455 2123 Eodem

98 2162 224 2207 modo
253 2168 336 2206 tam
362 2176 533 2219 aurum,
571 2176 697 2221 quam
738 2166 983 2220 argentum,
1021 2176 1043 2204 a
1071 2175 1284 2218 crumena,
1322 2160 1456 2204 catino

100 2250 173 2288 aut
192 2244 322 2287 forma
344 2242 522 2287 ducendi
540 2242 695 2286 metalli
714 2241 982 2286 denominare
1002 2242 1111 2286 licet.
1182 2241 1267 2286 Sed
1285 2247 1456 2286 utrum-

102 2340 201 2385 que,
239 2340 385 2368 aurum
406 2330 447 2368 et
465 2330 706 2383 argentum,
744 2324 951 2384 appellare
980 2322 1076 2366 licet
1103 2337 1199 2366 saxa
1219 2322 1365 2367 manus
1386 2328 1458 2366 aut

98 2443 151 2481 B„
178 2443 236 2482 W,
263 2441 361 2480 756,
395 2441 441 2482 U3
468 2439 559 2471 vakli
584 2437 718 2475 Balldr,
745 2437 846 2480 7485
871 2441 957 2472 vake
983 2440 1115 2481 flandr,
1140 2441 1230 2473 757.
1256 2459 1302 2463 -
1332 2438 1375 2482 12)
1401 2440 1459 2472 sic

101 2502 214 2545 Ray„
244 2502 329 2546 1833
364 2501 493 2548 beygi,
524 2500 587 2541 W,
616 2499 715 2539 756,
745 2500 791 2540 U,
818 2500 914 2541 748,
940 2503 1029 2534 757.
1062 2521 1108 2525 —
1140 2500 1188 2545 ¹³)
1215 2512 1236 2533 α
1263 2500 1363 2543 [lios
1396 2500 1458 2533 eor

99 2563 233 2606 leggja,
262 2565 322 2603 W,
349 2563 440 2596 756.
466 2581 512 2586 —
542 2561 591 2604 ¹4)
618 2562 660 2594 ab
687 2561 798 2594 initio
827 2562 964 2605 capitis
990 2564 1043 2596 ita
1074 2564 1160 2608 Ηβε
1199 2563 1279 2595 Gull
1305 2562 1385 2595 skal
1412 2562 1456 2594 ok

100 2625 213 2657 kenna
238 2625 274 2656 til
302 2625 446 2662 handar,
473 2624 516 2655 ok
542 2623 635 2654 kalla
661 2623 766 2665 grjot,
791 2624 887 2664 sker,
913 2625 1004 2668 blik,
1027 2626 1072 2668 is,
1100 2626 1185 2657 svell
1211 2625 1255 2657 ok
1284 2623 1352 2656 alla
1377 2622 1456 2654 hirti

101 2686 247 2725 handar,
273 2686 353 2718 item
379 2686 459 2726 snjo
486 2684 550 2716 eoa
577 2684 658 2716 drift
684 2685 832 2727 handar,
858 2687 1072 2727 armleggja‚
1098 2686 1193 2727 losa,
1221 2684 1344 2725 hreifa,
1371 2683 1458 2716 libai·

103 2746 166 2779 eoa
190 2747 317 2787 fingra.
345 2764 385 2770 -
417 2746 462 2789 1⁵)
490 2746 640 2788 hamar,
665 2746 756 2790 Ῐεβς
784 2758 806 2779 α
832 2746 975 2790 [diguls
1001 2747 1061 2781 coa
1085 2748 1203 2786 skilla,
1231 2746 1311 2789 Ηβ.
1336 2764 1380 2768 -
1412 2744 1457 2786 m]

102 2807 161 2840 sic
187 2812 293 2847 cete-,-
319 2807 426 2849 griott
451 2808 492 2841 in
517 2807 608 2850 Req.
634 2808 829 2850 scriptum.
855 2827 899 2834 —
931 2808 975 2851 ¹⁷)
1003 2809 1128 2849 banda,
1157 2808 1213 2847 W,
1241 2806 1332 2839 756.

1117 2867 1193 2901 26*
