1811 3256
666 217 907 249 Epinoeus.
1357 202 1452 247 229

97 342 167 401 qui
188 339 381 385 Roddrus
410 339 636 399 appellatus
663 345 741 383 est⁹
788 338 855 382 Sic
874 339 971 381 Asae
1002 336 1209 397 dixerunt,
1247 331 1449 385 Okutho-

96 438 201 471 rem,
226 437 354 481 quum
382 421 420 463 in
443 421 647 479 Serpente
668 420 888 463 frustratus
910 424 1037 475 esset,
1073 419 1272 463 Ymerem
1294 420 1448 478 gigan-

95 509 180 546 tem
201 502 474 546 interfecisse.
545 503 589 544 In
608 502 797 544 Deorum
824 505 964 542 autem
994 501 1242 559 crepusculo
1264 502 1447 561 Serpens

93 583 467 627 circumterraneus
499 583 680 626 Tllorem
715 579 960 639 necopinato
990 580 1208 640 invadens,
1262 582 1371 625 virus
1409 582 1447 625 in

93 679 188 707 eum
210 663 360 707 esllax‘it
380 678 561 723 eumque
587 662 637 705 ad
657 676 800 705 necem
832 661 1061 720 percussit3
1100 663 1317 707 noluerant
1337 663 1448 706 enim

94 745 191 788 Asze
213 744 345 796 fateri.
377 744 452 788 etsi
476 744 528 787 ita
549 742 779 797 accidisset,
801 741 983 785 Tlioren.
1004 749 1182 787 mortem
1203 745 1446 803 oppetiisse,

91 826 145 870 ab
166 841 248 869 uno
269 831 520 885 prostratum
543 830 584 867 et
606 823 883 867 intersectum.
955 822 1040 867 Sed
1059 825 1337 869 narrationem
1355 825 1447 885 plus

86 907 202 967 justo
222 907 477 950 declinarunt
496 920 518 948 a
537 920 653 963 vero,
691 920 819 964 quum
840 904 1042 963 dicerent,
1080 907 1330 966 Serpentem
1360 922 1446 950 cir-

90 995 425 1033 cumterraneum
461 1001 511 1029 eo
538 986 628 1030 loco
655 994 834 1030 mortem
861 985 1039 1045 obiisse,
1086 987 1321 1045 argumenti
1355 988 1446 1031 loco

91 1069 343 1125 adserentes,
380 1067 608 1125 Achillem,
647 1069 723 1111 etsi
753 1066 865 1111 caede
886 1067 1080 1111 Hectoris
1100 1068 1443 1128 triumphantem,

90 1149 240 1194 eodem
268 1164 413 1208 campo
443 1148 501 1192 eis
531 1147 582 1192 de
614 1148 769 1192 caussis
791 1148 1061 1205 occubuisse3
1098 1148 1215 1207 cujus
1253 1157 1444 1195 auctores

90 1231 258 1275 suerunt
275 1230 464 1274 Helenus
485 1236 526 1273 et
538 1229 791 1283 Alexander,
813 1245 938 1289 quem
958 1231 1169 1275 Helenum
1189 1232 1286 1275 Asae
1305 1231 1445 1275 Alium

88 1312 307 1372 appellant.
361 1312 485 1354 Hunc
505 1326 650 1354 necem
672 1311 806 1354 fratris
826 1311 959 1355 ultum
979 1327 1073 1356 esse
1093 1301 1278 1371 tradunt,
1315 1312 1444 1357 vixis·-

87 1408 243 1453 seque,
282 1407 411 1452 quum
433 1407 577 1435 omnes
606 1391 659 1435 dii
674 1391 760 1450 jam
781 1392 949 1449 mortui,
987 1393 1323 1454 incendiumque,
1360 1407 1444 1454 quo

87 1473 305 1533 Asgardus
342 1487 575 1532 omnesque
594 1475 786 1518 Deorum
823 1474 1111 1533 possessiones
1149 1474 1443 1535 deflagrarant,

87 1555 312 1599 extinctum
333 1560 459 1597 esset.
532 1555 733 1614 Pyrrhum
755 1561 895 1598 autem
915 1570 1010 1598 cum
1032 1555 1129 1615 lupo
1150 1557 1351 1614 Fenrere,
1372 1557 1442 1617 qui

87 1635 270 1680 Odinem
291 1635 510 1692 interfecit,
537 1642 854 1696 compararunt:
884 1637 1066 1696 Pyrrhus
1087 1637 1195 1681 enim
1216 1638 1444 1682 secundum

86 1732 232 1761 eorum
252 1716 499 1774 religionem
519 1717 639 1776 lupus
661 1717 858 1776 appellari
877 1717 1035 1777 potuit,
1063 1733 1157 1762 nam
1178 1718 1276 1762 locis
1296 1734 1444 1762 sacro-

85 1798 236 1841 sanctis
263 1812 344 1840 non
375 1798 577 1856 pepercit,
608 1813 736 1858 quum
764 1813 908 1856 regem
936 1798 974 1842 in
1005 1799 1177 1858 templo,
1206 1807 1302 1844 ante
1331 1816 1444 1845 aram

85 1878 251 1936 Thoris,
288 1878 558 1922 interficeret.
612 1878 854 1922 Incendium
883 1879 1019 1938 Trojae
1055 1886 1202 1924 vocant
1237 1880 1445 1927 flammam

87 1960 215 2003 Surti.
269 1958 436 2003 Modius
458 1965 500 2003 et
517 1959 725 2019 Magnius,
764 1959 832 2003 filii
854 1952 1100 2019 Okuthoris,
1131 1970 1335 2006 venerunt
1361 1979 1444 2023 po—

85 2040 282 2084 stulatum
304 2046 436 2084 terras
467 2039 518 2083 al)
538 2040 632 2084 Alio
653 2041 715 2084 vel
735 2040 904 2097 Yidare,
943 2042 1012 2101 qui
1031 2042 1191 2086 AEneas
1215 2050 1293 2088 est.
1363 2045 1444 2090 Hic

86 2136 109 2164 e
130 2121 253 2179 Troja
275 2121 466 2180 elapsus,
505 2137 572 2165 res
605 2137 774 2181 magnas
796 2128 939 2182 postea
960 2123 1104 2182 gessit.
1175 2125 1252 2168 Est
1272 2140 1443 2187 quoque

81 2201 297 2256 traditum,
335 2202 439 2246 filios
459 2203 653 2247 Hectoris
683 2203 722 2246 in
753 2203 972 2264 Phrygiam
994 2204 1171 2263 venisse,
1203 2213 1244 2250 et
1272 2207 1349 2251 hoc
1369 2223 1444 2252 re-

84 2299 212 2343 gnum
237 2283 371 2342 ejecto
390 2284 554 2328 Heleno
575 2300 817 2344 occupasse.

80 2402 172 2434 756.
198 2420 242 2425 -—-
273 2400 315 2443 ¹¹)
343 2403 549 2443 Alexander,
582 2401 636 2444 W,
662 2403 753 2436 756.
774 2422 818 2426 —
843 2401 890 2445 ¹²)
917 2405 1047 2448 pliirus,
1075 2407 1170 2439 756.
1195 2426 1240 2430 --
1272 2408 1317 2449 ¹³)
1345 2410 1445 2441 Aku-

81 2462 178 2509 pors,
206 2464 260 2503 W,
285 2464 378 2499 756.
