1811 3256
88 192 136 237 C.
174 189 348 237 57-58.
543 206 792 240 SERMONES
818 207 989 239 nmen.
1345 192 1441 240 219

85 337 242 376 terram
268 328 692 390 praeterveherentur,
728 329 769 373 in
798 327 938 373 brevia
968 334 1148 373 aestuosa
1166 330 1439 391 remigarunt,

86 417 134 456 ut
151 410 359 470 navigium
379 409 711 454 subverteretur.
776 409 994 478 Gillingus,
1032 409 1101 470 qui
1122 410 1245 455 nandi
1264 412 1441 472 imperi-

85 499 154 538 tus
174 497 301 550 esset,
338 491 481 552 periit,
517 491 612 535 nani
638 506 736 535 vero
767 489 1060 550 (subversam)
1089 506 1238 536 navem
1254 494 1442 538 inverte-

84 579 204 632 runt,
242 579 367 633 atque
395 572 447 616 ad
474 579 630 617 terram
659 571 930 630 remigarunt.
999 573 1124 617 Hunc
1149 588 1290 618 casum
1311 590 1440 635 quum

85 654 206 699 uxori
227 653 317 712 ejus
336 653 589 713 retulissent,
625 653 691 697 illa
717 659 898 697 mortem
917 653 1052 697 mariti
1071 670 1184 713 aegre
1204 655 1341 699 serens
1362 656 1442 701 alta

85 749 187 780 voce
207 733 526 779 lamentabatur.
597 735 704 778 Tum
722 734 862 793 Fjalar
888 745 984 778 eam·
998 735 1286 796 interrogavit,
1324 737 1443 781 sola-

86 815 200 860 tione
220 815 257 860 ei
283 815 471 860 futurum
491 820 617 874 esset,
658 815 691 859 si
711 815 750 859 in
769 831 901 874 mare,
931 816 1003 861 ubi
1023 817 1231 877 periisset,
1258 833 1443 878 prospe-

85 897 232 942 xisset.
264 896 391 952 Quod
410 912 536 957 quum
550 890 702 941 mulier
712 897 938 957 annuisset,
960 898 1027 942 ille
1040 913 1134 942 cum
1152 899 1277 943 fratre
1292 899 1442 944 Galare

86 979 343 1036 collocutus,
387 979 497 1022 hunc
518 977 645 1037 jubet
680 978 931 1024 vestibulum
961 979 1109 1024 domus
1140 980 1442 1039 conscendere,

86 1059 351 1121 lapidemque
377 1059 581 1103 molarem
615 1059 655 1103 in
684 1066 807 1120 caput
835 1060 1087 1121 egredientis
1113 1061 1299 1105 mulieris
1330 1060 1442 1120 deji-

87 1155 200 1200 cere,
237 1156 282 1185 se
303 1140 413 1185 enim
432 1140 737 1185 lamentationis
758 1139 848 1200 ejus
868 1148 1092 1202 pertaesum
1118 1157 1226 1187 esse.
1297 1143 1441 1203 Atque

85 1221 156 1266 ille
192 1221 252 1266 sic
270 1221 383 1266 fecit.
455 1223 550 1276 Qua
578 1237 623 1267 re
653 1222 841 1283 cognita,
888 1224 1147 1283 Suttungus,
1185 1224 1355 1284 Gillingi
1391 1239 1442 1269 ex

85 1302 212 1348 fratre
231 1318 379 1364 nepos,
416 1318 546 1348 nanos
568 1302 793 1363 adgressus
813 1304 1145 1364 comprehendit,
1178 1298 1219 1349 in
1239 1319 1441 1366 mareque

85 1383 329 1445 deportatos
358 1384 532 1445 scopulo
560 1385 684 1429 maris
714 1384 970 1429 inundationi
1000 1386 1189 1447 exposito
1225 1386 1440 1447 imposuit.

85 1466 152 1510 Illi
180 1481 203 1511 a
228 1467 464 1525 Suttungo,
501 1472 549 1510 ut
573 1465 650 1510 sibi
689 1466 782 1511 vitae
817 1466 1144 1512 incolumitatem
1171 1466 1442 1527 concederet,

85 1546 381 1608 implorantes,
418 1547 562 1607 gratiae
597 1547 914 1593 reconcilianda}
940 1563 1085 1593 caussa
1115 1547 1166 1594 ad
1195 1549 1442 1610 expiandam

84 1628 215 1689 patris
234 1644 381 1673 necem
399 1628 584 1674 offerunt
602 1629 784 1674 mulsum
811 1629 908 1673 illud
928 1630 1159 1690 pretiosum
1180 1629 1441 1688 (eximium).

84 1710 180 1756 Hoc
197 1709 366 1754 tandem
383 1716 504 1770 pacto
523 1710 858 1755 reconciliatione
877 1710 987 1755 inter
1005 1727 1078 1756 eos
1099 1711 1220 1771 facta,
1257 1712 1442 1757 Suttun-

87 1806 165 1850 gus
194 1790 376 1836 mulsum
404 1790 576 1836 domum
604 1807 723 1836 suam
749 1797 1012 1852 reportatum
1043 1792 1161 1852 loco,
1208 1791 1280 1854 qui
1307 1792 1442 1837 Hnit-

86 1870 232 1931 bjarga
259 1871 430 1932 dicitur,
468 1879 629 1932 servat,
675 1872 850 1918 custode
886 1872 1078 1934 adposita
1113 1873 1197 1918 filia
1233 1872 1440 1919 Gunlada.

84 1953 195 1998 Hinc
222 1952 368 2014 poesin
396 1954 653 2014 appellamus
683 1954 927 2014 sangvinem
945 1955 1168 2013 Kvaseris,
1204 1960 1276 1999 aut
1294 1960 1442 2015 potum

85 2050 306 2093 nanorum,
329 2041 400 2079 aut
419 2036 772 2096 complementum
790 2037 853 2080 vel
872 2036 1079 2097 liquorem
1098 2035 1280 2097 aliquem
1294 2035 1444 2081 Odre-

84 2115 140 2160 ris
161 2116 225 2160 vel
242 2115 402 2161 Bodnae
421 2117 484 2161 vel
505 2118 648 2177 Sonae,
687 2124 759 2162 aut
777 2117 983 2177 navigium
1003 2132 1206 2161 nanorum
1234 2116 1308 2176 (eo
1328 2116 1443 2179 quod

85 2196 184 2241 illud
210 2197 393 2242 mulsum
421 2213 493 2243 eos
522 2198 753 2264 incolumes
783 2215 832 2244 ex
860 2199 1033 2260 scopulo
1060 2198 1335 2260 reportavit),
1370 2204 1444 2244 aut

85 2278 270 2323 mulsum
289 2279 505 2340 Suttungi,
541 2287 614 2325 aut
632 2280 797 2326 laticem
814 2280 1178 2342 Hnitbjargorum.

153 2440 232 2487 58.
253 2442 361 2486 Tum
373 2442 527 2501 AEger:
547 2442 580 2487 is
591 2442 788 2504 loquendi
806 2441 957 2488 modus
976 2444 1074 2489 mihi
1095 2444 1301 2491 obscurus
1320 2444 1443 2491 vide-

87 2527 171 2581 tur,
207 2522 270 2566 his
289 2522 527 2568 nominibus
547 2525 693 2585 poesin
712 2525 938 2586 appellare.
981 2525 1066 2571 Sed
1093 2526 1306 2588 quomodo
1325 2528 1444 2572 mul-

89 2616 182 2646 sum
201 2604 497 2664 Suttungicum
521 2604 562 2649 in
585 2612 840 2666 potestatem
857 2607 1042 2652 Asarum
1061 2608 1287 2668 pervenit?
1329 2609 1444 2653 Bra-

91 2683 183 2742 gius
226 2684 478 2744 respondet:
533 2702 715 2748 sequens
751 2688 934 2734 narratio
977 2687 1084 2734 hanc
1117 2704 1208 2734 rem
1247 2689 1440 2750 explicat.

92 2762 222 2823 Odin,
252 2763 377 2811 domo
396 2767 624 2829 profectus,
655 2785 707 2815 eo
726 2770 931 2831 pervenit,
952 2786 1036 2832 quo
1056 2771 1147 2816 loco
1167 2785 1316 2816 novem
1335 2769 1442 2814 servi
