1811 3256
61 205 109 249 C.
148 202 227 248 51.
415 217 717 251 LunmicA'rio
744 217 998 251 GYLVIANA.
1327 202 1411 246 101

59 349 138 387 est.
207 341 303 387 Nati
322 340 517 401 Muspelli
542 339 774 400 procedunt
798 338 836 381 in
866 353 1086 398 campum,
1124 340 1192 400 qni
1219 341 1416 398 Vigridus

62 423 236 478 dicitur,
274 438 356 483 quo
387 429 486 466 tunc
514 421 638 465 etiam
658 419 823 464 advenit
849 419 970 478 lupus
989 421 1150 464 Fenrer
1173 428 1214 464 et
1234 423 1416 481 Serpens

58 504 463 548 circumterraneus:
499 502 618 546 adest
644 507 686 544 et
702 499 860 545 Lokius
890 506 931 543 et
949 501 1150 560 Hrymus,
1181 509 1223 546 et
1252 518 1344 545 eum
1365 518 1415 546 eo

58 600 203 628 omues
224 585 416 643 gigantes
436 582 635 643 pruinosi,
654 580 831 625 Lokium
843 587 981 624 autem
1002 582 1252 626 comitantur
1271 599 1415 626 omnes

58 665 179 710 Helae
199 665 313 709 socii.
350 663 546 724 Muspelli
566 669 706 706 autem
734 661 805 704 filii
834 661 925 705 loco
947 663 1151 722 superiori
1172 663 1249 707 sibi
1270 664 1417 721 (seor-

58 746 158 804 sim)
180 747 308 791 aciem
329 746 601 803 constituunt,
622 758 714 803 quae
727 741 951 786 admodum
973 744 1106 788 lueida
1118 751 1195 788 est.
1234 746 1415 806 Campus

56 827 253 886 Vigridus
279 826 369 872 120
388 826 573 871 milliaria
594 839 912 885 quoquoversus
933 831 1061 884 patet.

189 910 291 952 Ilree
318 923 448 968 quum
476 912 697 966 geruntur,
733 905 992 949 Hcimdalius
1029 907 1176 966 surgit,
1215 914 1257 951 et
1286 923 1416 952 cornu

58 990 278 1049 Gjallaeum
312 989 582 1033 vehementer
617 986 761 1030 inflans
800 1002 944 1030 omncs
971 989 1088 1032 Deos
1126 989 1300 1048 excitat,
1346 991 1416 1050 qui

57 1077 307 1115 conventum
326 1070 434 1114 inter
453 1084 496 1113 se
517 1074 663 1127 agunt.
718 1070 826 1112 Tum
847 1068 959 1113 Odin
979 1069 1031 1112 ad
1050 1070 1208 1114 sontem
1228 1072 1415 1116 Mimeris

57 1151 240 1212 equitat,
278 1149 354 1195 sihi
385 1151 554 1211 suisque
584 1150 801 1194 consilium
830 1165 852 1193 a
871 1150 1047 1194 Mimere
1072 1159 1235 1211 petens.
1307 1154 1415 1198 Tum

56 1238 210 1276 tremet
228 1232 408 1275 fraxinus
426 1230 639 1290 Ygdrasil,
677 1231 873 1291 nullaque
893 1238 991 1275 tunc
1009 1247 1091 1291 res,
1128 1234 1212 1277 sive
1233 1234 1272 1278 in
1293 1236 1415 1293 coelo,

57 1313 141 1358 sive
162 1313 200 1356 in
222 1319 349 1366 terra,
387 1312 535 1356 timore
556 1318 685 1356 vacat.
747 1312 845 1356 Asae
866 1328 1097 1374 omnesque
1116 1310 1302 1369 Einlieri,
1342 1332 1415 1360 ar-

55 1400 216 1438 matura
238 1393 385 1451 induti,
407 1393 446 1436 in
466 1408 633 1453 campos
654 1394 909 1453 procedunt:
932 1395 1087 1454 primus
1109 1396 1220 1441 Odin
1241 1398 1414 1458 equitat,

55 1491 225 1520 auream
245 1476 421 1534 galeam,
459 1474 714 1535 splendidam
741 1476 925 1527 loricam,
963 1477 1226 1538 hastamque,
1264 1494 1356 1539 quae
1378 1479 1415 1523 ei

57 1563 136 1613 est,
158 1557 428 1615 Gungnerem
449 1555 614 1615 dictam,
644 1556 826 1601 habens:
864 1557 896 1601 is
917 1558 1115 1602 adversus
1136 1559 1279 1619 lupum
1298 1562 1416 1605 Fen-

54 1653 194 1682 rerem
213 1637 367 1694 tendit3
404 1636 455 1681 ab
486 1637 618 1681 altero
638 1644 778 1682 autem
807 1639 937 1683 latere
959 1639 1046 1698 ejus
1068 1640 1183 1684 Thor
1211 1642 1415 1700 procedit,

57 1734 195 1779 neque
215 1725 353 1762 tamen
374 1718 409 1761 ei
438 1734 561 1778 opem
581 1719 689 1762 ferre
710 1726 872 1779 potest,
910 1721 998 1780 ipse
1020 1737 1170 1780 pugnae
1196 1738 1289 1766 cum
1310 1725 1416 1767 Ser-

57 1806 182 1860 pente
211 1799 561 1843 cireumterraneo
595 1800 705 1844 initae
743 1807 952 1860 satagens.
1030 1803 1187 1862 Frejus
1217 1803 1415 1848 adversus

58 1882 229 1925 Surtum
257 1887 438 1940 pugnat,
476 1880 557 1924 acri
585 1880 801 1941 conflictu,
838 1888 1048 1942 prostrato
1076 1883 1245 1927 tandem
1263 1885 1414 1945 Freyo,

57 1961 174 2020 cujus
204 1961 316 2005 neeis
347 1977 492 2005 caussa
523 1961 683 2021 existit,
729 1963 843 2022 quod
863 1963 1059 2008 eximium
1080 1964 1196 2008 illum
1216 1965 1415 2024 gladium,

57 2058 183 2102 quem
204 2043 387 2087 Skirneri
414 2043 549 2102 dedit,
595 2043 818 2088 desiderat.
905 2046 1013 2088 Tum
1049 2061 1218 2106 quoque
1254 2047 1416 2091 solutus

55 2130 230 2183 vagatur
248 2125 357 2168 canis
379 2126 582 2183 Garmns,
621 2125 690 2186 qui
710 2132 805 2169 ante
826 2131 993 2169 antrum
1014 2126 1230 2186 Gnipaeum
1259 2128 1418 2173 vinetus

50 2204 178 2264 jacet,
200 2221 292 2266 quae
313 2205 607 2250 immanissima
628 2207 755 2267 pestis
775 2222 958 2267 pugnam
978 2223 1072 2251 cum
1092 2209 1199 2269 Tyre
1219 2210 1419 2254 commit-

57 2286 130 2345 tit3
167 2302 347 2347 quorum
368 2287 473 2331 alter
500 2287 619 2331 alteri
646 2304 793 2332 necem
822 2288 960 2332 insert.
1034 2290 1149 2334 Thor
1168 2292 1419 2350 Serpentem

56 2367 454 2412 circumterraneum
482 2368 710 2428 interfecit,
755 2370 830 2414 sed
858 2386 1008 2414 novem
1033 2386 1179 2431 passus
1200 2372 1294 2416 inde
1314 2388 1420 2432 pro-

57 2464 251 2508 gressus,
289 2449 504 2494 exanimus
542 2450 656 2494 humi
693 2449 937 2509 collabitur,
975 2467 1161 2509 veneno,
1199 2469 1283 2513 quo
1323 2469 1420 2497 eum

61 2549 116 2593 W,
130 2552 235 2594 7565
260 2552 408 2590 vlfinvm,
440 2552 605 2596 U.—20)
632 2563 701 2588 om.
727 2555 822 2586 756.
847 2573 892 2576 -
919 2553 969 2597 ²¹)
995 2555 1075 2586 berz
1101 2554 1155 2587 vib
1180 2556 1192 2588 i
1218 2555 1312 2596 moti,
1339 2557 1420 2588 756

59 2611 194 2652 (error
217 2610 265 2645 ec'c
290 2614 525 2647 correctione
551 2614 706 2648 librarii
731 2615 930 2657 ortus].—
951 2614 1158 2658 22)1ιειι’ὃιιι·,
1186 2621 1223 2649 et
1240 2617 1296 2649 ica
1321 2626 1421 2659 soepe

58 2684 98 2705 ui·
122 2683 192 2716 pro
219 2684 236 2706 ι·
260 2674 300 2706 in
328 2676 676 2718 terminationibus,
714 2677 807 2709 756.
839 2695 885 2700 -
907 2676 959 2719 ²³)
987 2677 1205 2720 Gnipalundi,
1234 2679 1272 2713 U.
1294 2697 1339 2701 —
1368 2678 1420 2720 24)

58 2734 170 2776 ἲοιέιό,
188 2737 282 2778 7563
302 2737 450 2778 ᾔῢιΊ-ῑὶὃ,
480 2737 524 2770 Η.
551 2756 596 2762 -—-
620 2736 672 2781 ²⁵]
698 2739 712 2770 i
737 2738 820 2771 add.
837 2739 931 2772 756.
956 2757 1001 2763 —
1027 2738 1079 2781 ²⁶)
1106 2738 1233 2780 skaoa,
1260 2740 1313 2782 W,
1326 2740 1419 2773 756.

57 2815 103 2820 —
140 2795 192 2838 ²⁷]
218 2797 365 2838 hanon-6,
391 2800 444 2834 W.
