1811 3256
73 202 122 247 C.
161 198 271 246 6-7.
607 216 865 250 PRAEFA'rlo.
1365 203 1422 249 17

75 353 127 383 eo
153 343 275 398 pacto
302 336 456 397 potitus
484 342 574 395 est,
603 341 651 380 ut
679 335 744 380 die
773 334 980 396 quodam,
1009 353 1138 397 quum
1165 355 1213 383 ea
1240 355 1334 385 cum
1353 342 1421 385 sa-

72 418 267 464 mulabus
288 417 366 463 sub
392 405 461 462 dio
490 415 760 474 versabatur,
791 416 980 462 adsumta
1010 419 1116 462 tauri
1146 421 1299 479 specie,
1331 421 1420 479 ejus

73 499 413 561 pulchritudinis,
444 504 490 542 ut
517 497 692 557 quisque
721 497 827 557 pilus
855 498 944 542 auri
971 500 1155 543 colorem
1174 501 1332 544 referre
1353 502 1420 545 vi-

72 580 275 639 deretur,
312 579 478 624 insidias
515 578 552 621 ei
587 577 628 620 in
664 577 767 621 silua
803 578 971 623 faceret.
1043 579 1172 638 Cujus
1210 582 1421 641 conspecti

72 677 204 722 quum
236 662 354 720 regia
391 659 473 703 filia
507 657 616 702 labia
644 674 770 702 manu
796 660 1007 719 palparet,
1051 661 1208 719 exsilit,
1245 662 1421 706 sormam

71 742 180 787 tauri
199 741 361 800 abjicit,
392 739 595 798 virginem
620 740 728 783 ulnis
753 747 966 800 receptam
994 741 1187 801 deportat
1206 742 1258 786 ad
1276 758 1418 802 naves,

72 822 327 883 domumque
361 821 401 864 in
438 821 606 865 Cretam
640 821 881 865 transvehit.
937 821 1064 875 Quod
1099 822 1262 867 sactum*
1289 839 1420 884 quum

70 905 206 962 Juno,
233 918 340 946 uxor
366 901 483 960 ejus,
510 901 855 961 reprehenderet,
887 903 955 946 ille
975 903 1178 961 virginem
1197 903 1236 947 in
1252 902 1417 968 juven-

71 1000 162 1030 cam
196 982 525 1040 transformavit,
564 997 741 1043 eamque
778 983 985 1028 orientem
1020 999 1164 1028 versus
1202 984 1418 1044 in4Elfar-

69 1064 222 1110 kvisler
250 1062 408 1124 (capita
437 1063 546 1107 ssuvii
574 1079 612 1107 v.
642 1063 786 1121 Albis)
815 1065 948 1119 misit,
977 1080 1207 1125 servoque,
1249 1066 1417 1111 nomine

66 1144 255 1204 Argulo,
283 1143 531 1188 servandam
561 1145 787 1202 commisit3
831 1144 942 1205 apud
979 1161 1106 1206 quem
1142 1161 1272 1207 quum
1303 1146 1417 1192 duo-

67 1225 202 1270 decim
220 1240 387 1269 menses
407 1225 572 1283 fuisset,
603 1240 695 1268 eam
723 1225 762 1269 in
788 1226 1003 1285 pristinam
1029 1227 1203 1271 sormam
1221 1228 1416 1273 restituit.

66 1307 201 1353 Multa
221 1306 317 1350 fecit
335 1306 396 1350 his
418 1306 585 1365 similia,
616 1313 687 1350 aut
706 1306 830 1351 etiam
849 1307 1117 1352 mirabiliora.
1179 1309 1282 1353 Tres
1309 1309 1416 1354 filios

67 1386 237 1446 habuit,
274 1402 455 1447 quorum
481 1403 590 1431 unus
616 1388 851 1432 nominatus
882 1395 946 1433 est
971 1390 1160 1450 Jupiter,
1191 1380 1296 1437 alter
1321 1395 1415 1437 Ne-

65 1474 248 1529 ptunus,
284 1468 430 1512 tertius
450 1468 595 1512 Plutus
617 1469 807 1527 (Pluto),
836 1469 904 1530 qui
935 1486 1080 1515 omnes
1107 1474 1292 1533 corporis
1319 1474 1415 1518 ani-

66 1549 207 1610 mique
227 1548 395 1594 dotibus
416 1554 536 1594 erant
554 1549 880 1608 instructissimi3
908 1553 1074 1612 Jupiter
1093 1562 1267 1599 caeteros
1288 1556 1414 1614 longe

65 1628 357 1690 praeeellebat3
414 1636 504 1674 erat
539 1631 600 1675 vir
635 1630 886 1691 bellicosus,
932 1635 1148 1695 multaque
1174 1651 1304 1695 regna
1337 1635 1414 1680 sub

67 1726 186 1755 suam
219 1717 470 1771 potestatem
499 1711 665 1771 redegit
676 1727 687 1770 3
709 1713 791 1756 'suit
820 1720 861 1757 et
886 1715 1036 1759 artium
1064 1715 1187 1774 (artis
1217 1716 1414 1776 magicae)

65 1791 249 1852 peritus,
285 1799 334 1837 ut
359 1798 479 1852 pater
506 1808 629 1851 suus,
675 1799 718 1837 et
748 1794 956 1838 variorum
993 1796 1230 1841 animalium
1262 1797 1415 1842 formas

66 1871 339 1929 adsumebat3
383 1872 534 1933 quibus
569 1872 697 1918 rebus
734 1875 865 1918 multa
901 1875 1060 1935 effecit,
1101 1893 1194 1937 quae
1221 1878 1327 1922 effici
1363 1877 1415 1922 ab

66 1953 249 1997 humana
283 1961 432 1997 natura
467 1960 696 2014 nequeunt.
757 1956 895 2009 Quam
932 1956 986 2001 ob
1021 1973 1111 2002 rem
1147 1959 1331 2019 aliasque
1360 1957 1415 2003 ob

66 2049 234 2078 caussas
255 2050 401 2078 omnes
429 2035 618 2079 nationes
648 2050 744 2079 eum
773 2036 997 2095 timebant3
1032 2038 1127 2083 ideo
1146 2040 1312 2100 Jupiter
1338 2055 1415 2100 pro

66 2115 207 2159 Thore
232 2115 427 2175 ponitur,
465 2115 618 2176 quippe
648 2132 775 2177 quem
804 2133 950 2163 omnes
976 2125 1136 2164 naturae
1161 2126 1415 2165 metuerent.

199 2194 244 2241 7.
314 2197 518 2241 Saturnus
551 2196 654 2242 duas
690 2205 732 2242 et
763 2200 1028 2259 septuaginta
1053 2199 1181 2246 urbes
1215 2201 1256 2245 in
1291 2203 1417 2247 Creta

66 2276 342 2321 exstruendas
369 2277 544 2335 curavit3
572 2294 786 2340 quumque
817 2281 984 2340 plenam
1017 2282 1140 2340 regni
1163 2288 1417 2342 potestatem

65 2364 313 2402 consecutus
334 2358 411 2403 sibi
431 2359 540 2403 visus
561 2366 664 2418 erat,
693 2360 734 2404 id
759 2361 868 2405 inter
890 2362 997 2406 filios
1021 2378 1118 2406 suos
1139 2362 1288 2418 divisit,
1316 2370 1416 2407 tan—

65 2454 190 2498 quam
229 2454 273 2483 se
306 2439 395 2499 ipse
431 2439 557 2484 deum
582 2448 775 2501 poneret,
809 2443 986 2503 Jovique
1013 2459 1193 2503 regnum
1220 2444 1414 2502 eoeleste,

64 2520 262 2579 Neptuno
288 2536 467 2579 regnum
486 2521 707 2582 marinum,
736 2523 859 2568 Pluto
879 2523 1094 2583 (Plutoni)
1114 2531 1315 2569 tartarum
1336 2524 1417 2569 ad-

65 2598 240 2658 tribuit,
284 2617 377 2661 quae
420 2602 556 2662 portio
599 2619 728 2663 quum
773 2604 810 2648 ei
851 2604 1003 2649 infimae
1040 2605 1286 2649 conditionis
1325 2620 1416 2649 esse

65 2721 88 2753 ai.
110 2723 273 2755 Norraeno
298 2721 407 2764 Dor-r,
432 2725 478 2757 H.
510 2725 558 2769 ¹¹]
588 2725 635 2757 W
656 2726 792 2759 scribit
818 2727 890 2760 leit.
912 2746 957 2751 -—
981 2727 1029 2769 12)
1056 2739 1078 2759 a
1107 2727 1195 2770 [sik
1221 2728 1301 2760 setti
1326 2729 1417 2760 liann

66 2781 240 2831 fyrigu123
260 2785 351 2818 hann
366 2786 439 2828 gaf,
456 2786 558 2819 H.-
575 2787 624 2828 ι3)
638 2786 689 2820 sic
702 2787 778 2821 Res
802 2787 1046 2831 11.;jar61·iki,
1069 2788 1122 2820 W.
1137 2807 1182 2812 —
1200 2788 1248 2831 ¹⁴)
1266 2789 1346 2830 luto,
1371 2788 1415 2820 ΙΙ.

1139 2849 1160 2868 ⁸)

1140 2869 1160 2879 —r
