1811 3256
84 210 132 255 C.
168 206 246 255 58.
525 223 770 256 sEnmousss
796 219 967 254 nmen.
1341 203 1437 250 223

81 349 296 411 perforare
316 361 462 392 saxum
476 345 618 406 jussit,
655 344 687 389 si
705 342 833 389 modo
852 340 1022 388 terebra
1041 348 1161 387 acuta
1181 351 1308 389 esset.
1362 345 1436 389 Ille

82 430 140 474 sic
159 429 267 474 facit.
304 429 405 473 Mox
426 427 631 487 significat
647 425 848 485 Baugius,
884 439 1033 484 rupem
1051 425 1304 484 perforatam
1325 442 1434 471 esse.

82 512 225 566 Quum
251 525 350 554 vero
369 508 603 554 Bolverkus
622 508 808 551 foramen
828 506 1007 550 terebrae
1026 505 1226 565 inssasset,
1262 522 1437 551 ramen-

79 597 206 652 taque
226 606 393 635 sursum
412 590 452 634 in
471 589 618 633 faciem
638 586 727 646 ejus
746 586 1021 644 revolassent,
1041 587 1248 646 Baugium
1268 587 1434 632 insidias

79 671 157 717 sibi
178 677 341 716 struere
361 671 559 729 sentiens,
580 683 729 729 rupem
748 667 951 728 perforari
964 667 1104 727 jussit.
1149 670 1297 730 Itaque
1315 670 1436 713 Bau-

79 752 170 813 gius
190 753 327 796 forare
347 749 639 812 perseveravit,
666 764 880 810 quumque
890 749 1124 794 Bolverkus
1144 750 1435 795 iteruminlla-

76 839 168 892 ret,
202 838 391 878 ramenta
418 832 645 876 introrsum
680 830 911 874 evolarunt.
984 831 1091 876 Tum
1126 831 1358 877 Bolverkus
1381 832 1435 877 ,in

78 920 320 975 serpentem
354 912 673 957 transformatus
710 911 749 955 in
792 911 979 956 foramen
1027 912 1206 958 terebrae
1251 913 1432 975 irrepsit,

78 1010 205 1057 quem
224 1000 457 1055 reptantem
474 992 659 1052 Baugius
679 992 848 1037 terebra
867 994 1079 1054 appetivit,
1116 994 1191 1039 sed
1209 994 1248 1038 in
1270 1011 1320 1039 eo
1342 995 1435 1039 sru-

76 1083 231 1122 stratus
261 1081 340 1121 est.
406 1073 639 1120 Bolverkus
667 1090 745 1134 eo,
780 1074 853 1119 ubi
880 1090 925 1119 se
955 1075 1145 1121 Gunlada
1174 1076 1432 1136 continebat,

75 1157 305 1215 concessit,
342 1161 386 1201 et
413 1171 508 1201 cum
530 1170 578 1199 ea
596 1162 682 1201 tres
702 1162 847 1201 noctes
878 1155 1127 1217 concubuit,
1164 1164 1338 1219 tumque
1364 1158 1432 1203 illa

75 1239 113 1284 ei
138 1237 299 1284 veniam
329 1235 459 1296 dedit,
495 1243 543 1281 ut
578 1242 662 1282 tres
698 1238 870 1282 haustus
907 1237 1029 1282 mulsi
1065 1237 1259 1305 duceret:
1296 1239 1432 1300 primo

71 1320 225 1366 haustu
246 1318 457 1366 Odrerem
478 1318 685 1377 exhausit,
717 1319 850 1363 altero
868 1318 1075 1378 Bodnam,
1114 1320 1237 1364 tertio
1257 1322 1431 1379 Sonam,

73 1407 199 1463 atque
216 1401 277 1446 sic
294 1406 384 1445 toto
402 1400 539 1445 mulso
558 1400 715 1460 potitus
736 1405 814 1445 est.
853 1400 950 1454 Quo
970 1400 1078 1445 sacto
1097 1400 1285 1446 induvias
1305 1402 1432 1463 aqui-

71 1482 174 1528 linas
193 1481 378 1541 indutus,
408 1497 534 1543 quam
553 1481 918 1526 vehementissime
949 1482 1139 1527 avolavit.
1194 1484 1430 1543 Suttungus

71 1569 229 1623 autem,
267 1563 446 1625 aquilam
463 1563 676 1607 volantem
696 1562 974 1624 conspicatuS,
1012 1564 1100 1624 ipse
1126 1579 1297 1626 quoque
1317 1580 1430 1610 exu-

71 1643 156 1688 vias
181 1644 383 1705 aquilinas
414 1643 639 1704 adsumsit,
677 1659 855 1705 eamque
886 1644 1064 1690 volando
1099 1645 1310 1690 insecutus
1348 1652 1428 1691 est.

71 1726 244 1770 Interim
272 1725 397 1783 Asae,
434 1724 619 1771 Odinem
645 1726 853 1771 volantem
881 1726 1129 1786 conspicati,
1167 1743 1260 1771 vasa
1288 1743 1361 1772 sua
1388 1727 1428 1772 in

71 1821 213 1850 aream
232 1811 533 1866 exposuerunt.
605 1806 741 1866 Odin,
778 1807 899 1851 simul
926 1813 973 1851 ut
999 1807 1303 1852 munimentum
1322 1809 1429 1853 Asi-

70 1903 165 1932 cum
184 1887 398 1946 ingressus
419 1893 498 1946 est,
534 1886 717 1932 mulsum
737 1887 778 1931 in
798 1904 894 1933 vasa
920 1887 1087 1947 rejecit3
1125 1888 1201 1933 sed
1220 1888 1272 1933 ab
1292 1888 1429 1934 inhae-

69 1975 190 2013 rente
211 1969 421 2028 Suttungo
448 1969 536 2014 fere
566 1984 794 2029 oppressus
821 1968 873 2013 ad
902 1975 1037 2015 tantas
1067 1969 1210 2015 incitas
1230 1970 1425 2016 redactus

69 2055 182 2108 erat,
215 2055 262 2094 ut
280 2055 442 2110 partem
470 2049 592 2094 mulsi
620 2065 697 2110 per
722 2050 928 2110 posticum
948 2050 1137 2111 ejiceret,
1174 2051 1293 2111 cujus
1314 2053 1427 2098 nulla

65 2130 172 2175 ratio
191 2129 333 2175 habita
353 2137 432 2189 est,
469 2147 595 2192 quam
619 2138 783 2192 partem
810 2131 1050 2193 quicunque
1076 2133 1202 2178 vellet
1227 2133 1425 2194 obtinuit,

66 2211 258 2273 hancque
277 2227 472 2257 vocamus
499 2212 738 2273 portionem
757 2217 977 2274 poetarum
996 2213 1251 2275 ineptorum.
1303 2216 1425 2262 Mul-

67 2309 159 2338 sum
180 2299 321 2338 autem
340 2294 635 2354 Suttungicum
659 2293 771 2340 Odin
789 2295 885 2339 Asis
907 2294 1036 2355 dedit,
1074 2296 1219 2357 eisque
1238 2296 1425 2341 homini-

64 2373 161 2434 hus,
183 2374 254 2436 qui
273 2375 455 2419 earmina
480 2375 664 2421 scrihere
684 2383 853 2421 norunt.
890 2378 1011 2422 Hanc
1030 2377 1083 2422 ob
1104 2392 1294 2422 caussam
1313 2382 1425 2439 poe‘-

65 2594 136 2625 Her
158 2593 255 2635 segir
286 2594 414 2626 hverso
448 2594 559 2636 skilja
591 2596 672 2628 skal
699 2597 929 2638 skalldskap,
968 2597 1064 2639 quod
1087 2597 1142 2629 ita
1167 2597 1326 2640 incipit.-
1365 2597 1424 2644 pvi

64 2653 167 2686 lieitir
199 2656 483 2699 skalldskaprinn
519 2658 618 2699 fengr
644 2656 769 2704 OpinS.
805 2659 849 2690 ok
884 2658 983 2691 fvndr
1016 2659 1062 2691 ok
1096 2660 1222 2692 drvcki·
1255 2661 1299 2691 ok
1339 2660 1425 2700 giof,

64 2711 123 2754 1)st
148 2716 386 2760 maeltiAEgir3
413 2719 478 2752 hve
503 2721 602 2761 marg
627 2730 684 2752 ero
711 2721 783 2763 kyn
808 2719 1127 2764 skalldskaparinS.
1178 2721 1280 2763 Bragi
1307 2721 1422 2762 segis:

65 2778 178 2817 tvenn,
204 2777 271 2809 metl
297 2779 342 2810 ok
367 2779 481 2823 hzittr,
508 2786 575 2813 etc.
