1811 3256
78 221 127 265 C.
163 217 241 264 45.
488 235 788 268 ι.υυιι«ἰοΑΤιο
817 234 1075 265 αΥιΝιΑΝΑ.
1349 216 1437 263 149

79 365 249 419 petente
269 374 367 402 vero
388 373 560 417 vespere
581 358 716 400 locum
737 353 1003 415 pernoctandi
1030 354 1076 397 iis
1098 354 1253 413 delegit
1271 356 1348 400 sub
1370 358 1438 402 in-

79 439 194 498 genti
215 438 394 499 quadam
414 437 582 481 arbore.
654 439 760 481 Tum
782 435 982 494 Skrymer
1000 434 1127 478 Thori
1147 435 1364 496 significat,
1395 454 1439 483 se

78 518 334 564 decumbere
363 524 405 562 et
432 518 615 579 quietem
644 531 793 576 capere
821 515 949 559 velle:
995 531 1070 559 vos
1097 522 1237 560 autem
1264 517 1440 578 (inquit)

81 601 284 644 sarcinam
306 599 439 644 viatici
465 599 614 643 sumite
641 604 683 642 et
717 612 879 641 coenam
909 596 1023 641 vobis
1048 603 1207 657 parate.
1275 599 1441 644 Deinde

79 681 282 741 Skrymer
300 679 551 725 obdormivit
569 685 611 723 et
629 678 901 723 vehementer
918 677 1137 722 stertebat.
1209 678 1325 724 Ther
1343 695 1441 724 vero

79 762 282 806 sarcinam
301 761 432 805 viatici
452 760 613 817 sumsit,
650 765 698 803 ut
726 774 818 803 eam
838 758 1041 803 solveret:
1079 758 1154 803 sed
1172 760 1440 805 referendum

79 848 160 902 est,
197 842 310 902 quod
330 843 436 886 sorte
464 840 706 884 incredibile
725 840 929 899 videatur,
967 840 1081 901 quod
1107 841 1264 885 nullum
1284 841 1439 886 nodum

80 924 259 982 solvere,
296 923 451 967 nullam
471 922 799 966 loramentorum
819 921 1126 966 extremitatem
1146 921 1357 982 expedire,
1395 930 1442 967 ut

83 1005 214 1049 laxior
233 1020 356 1065 quam
383 1009 503 1047 antea
533 1008 668 1059 esset,
705 1002 875 1047 valuita2
914 1002 1042 1057 Quod
1068 1019 1197 1064 quum
1227 1019 1270 1047 se
1291 1004 1441 1048 frustra

79 1085 220 1130 conari
240 1084 413 1141 videret,
450 1085 509 1128 ira
529 1100 743 1141 accensus,
781 1085 977 1128 malleum
996 1085 1243 1143 Mjolnerem
1264 1092 1441 1146 utraque

78 1182 204 1211 manu
224 1165 456 1226 prehendit,
494 1166 625 1210 altero
645 1165 752 1225 pede
773 1165 823 1210 ad
844 1166 995 1223 locum,
1031 1165 1103 1210 ubi
1118 1165 1287 1224 jacebat
1307 1167 1441 1227 Sin-3·-

78 1263 192 1300 mer,
231 1254 448 1307 promoto,
486 1247 612 1291 ictum
640 1247 759 1307 capiti
791 1247 880 1305 ejus
908 1246 1067 1306 infligit.
1141 1247 1338 1313 Skrymer
1361 1265 1440 1293 ex-

80 1329 342 1389 pergefactus
370 1328 624 1387 interrogat,
662 1344 712 1372 an
742 1328 884 1372 solium
913 1328 1079 1388 aliquod
1105 1329 1145 1372 in
1175 1336 1299 1390 caput
1319 1346 1440 1374 suum

81 1409 310 1468 deciderit,
349 1415 391 1453 et
409 1425 459 1453 an
479 1408 617 1453 cibum
639 1411 886 1468 sumserint,
911 1416 952 1453 et
971 1409 1020 1453 ad
1042 1410 1341 1471 quiescendum
1361 1426 1440 1471 pa-

80 1492 158 1536 rati
179 1491 274 1536 sint.
316 1491 430 1536 Thor
448 1489 647 1550 ostendit,
676 1491 785 1550 ipsos
807 1497 904 1534 tunc
923 1490 1110 1535 cubitum
1136 1492 1283 1536 ituros.
1339 1492 1440 1537 Inde

79 1573 144 1617 alii
173 1572 310 1617 arbori
347 1571 592 1616 succedunt.
671 1574 819 1632 Neque
856 1578 978 1630 tunc,
1031 1579 1078 1617 ut
1113 1589 1209 1618 vera
1245 1574 1439 1631 reseram,

80 1653 198 1714 quies
234 1653 419 1713 periculo
456 1653 601 1697 caruit.
688 1653 827 1698 Media
867 1669 964 1697 vero
1001 1660 1122 1698 nocte
1159 1654 1273 1698 audit
1309 1655 1439 1714 Thor,

82 1734 352 1794 Skrj‘merem
373 1740 551 1778 stertere
573 1741 614 1778 et
633 1740 745 1778 arcte
767 1733 964 1794 dormire,
993 1734 1099 1779 adeo
1121 1741 1167 1779 ut
1185 1736 1297 1795 sylva
1316 1752 1440 1781 reso-

82 1822 225 1874 naret3
262 1816 402 1876 itaque
432 1815 587 1875 surgit,
633 1815 791 1859 accedit
817 1814 868 1858 ad
898 1831 1020 1873 eum,
1068 1816 1262 1860 malleum
1293 1818 1373 1862 cito
1400 1825 1441 1862 et

81 1912 230 1955 magna
251 1897 285 1940 vi
308 1896 453 1955 librat,
491 1899 618 1941 ictum
645 1895 829 1955 desuper
847 1896 994 1955 infligit
1012 1896 1152 1941 medio
1174 1898 1313 1942 vertici
1334 1900 1439 1959 ejus,

81 1984 125 2022 et
150 1977 464 2037 animadvertit,
519 1984 702 2022 rostrum
730 1977 866 2021 mallei
895 1978 976 2021 alte
1004 1977 1043 2021 in
1081 1985 1205 2038 caput
1237 1979 1438 2041 demergi.

80 2060 174 2102 Hoc
210 2074 308 2102 vero
338 2059 427 2119 ipso
456 2059 655 2119 temporis
683 2065 898 2103 momento
937 2059 1103 2119 evigilat
1128 2060 1354 2122 Skrymer,
1401 2070 1443 2109 et

83 2140 255 2200 quaerit:
293 2139 392 2201 quid
412 2139 556 2184 nunc?
584 2156 683 2184 num
703 2140 820 2198 glans
842 2140 975 2200 aliqua
996 2140 1035 2184 in
1057 2147 1181 2201 caput
1199 2157 1339 2187 meum
1361 2143 1442 2188 de-

81 2219 214 2265 cidit?
266 2227 338 2266 aut
365 2220 465 2282 quid
500 2221 614 2280 agis,
662 2220 811 2265 Thor‘?
878 2222 992 2264 Thor
1027 2221 1165 2266 subito
1199 2225 1442 2283 regrediens

83 2301 329 2362 respondet,
367 2318 411 2347 se
433 2318 566 2363 nuper
585 2302 816 2362 evigilasse,
844 2302 1024 2347 mediam
1039 2302 1125 2362 jam
1145 2319 1238 2349 esse
1259 2313 1441 2366 noctem,

84 2388 338 2443 tempusque
359 2383 494 2428 adhuc
514 2399 606 2428 esse
627 2383 875 2428 dormiendi.
947 2386 1064 2429 Tunc
1082 2385 1220 2430 animo
1247 2388 1444 2447 cogitavit

83 2463 223 2523 Thor,
261 2463 294 2507 si
313 2465 474 2509 occasio
496 2465 551 2509 ita
571 2465 722 2523 ferret,
760 2465 930 2509 tertium
951 2465 987 2509 ei
1015 2465 1142 2510 ictum
1161 2465 1218 2511 sic
1237 2465 1441 2526 infligere,

81 2550 130 2588 ut
156 2559 202 2588 se
229 2560 443 2605 nunquam
470 2552 616 2605 postea
644 2546 774 2590 oculis
803 2553 1009 2591 cerneret.
1089 2546 1226 2592 Cubat
1250 2548 1375 2607 igitur
1401 2554 1444 2592 et

84 2623 294 2685 observat,
332 2642 383 2670 an
405 2627 604 2687 Skrj‘mer
623 2633 735 2671 arcte
762 2626 1110 2672 obdormisceret.
1181 2629 1324 2673 Paullo
1344 2644 1442 2672 vero

84 2712 180 2749 ante
209 2705 435 2750 diluculum
466 2707 799 2753 animadvertens
829 2708 1096 2769 Skrymerem
1124 2709 1440 2760 obdormivisse,

177 2819 216 2862 ἃ)
248 2820 335 2852 Vide
359 2823 606 2865 AEgisdrekka,
637 2825 702 2859 63.
