1811 3256
43 234 90 278 C.
127 231 172 277 2.
628 250 896 283 PRAEFA'rlo.
1364 237 1393 282 9

41 371 193 430 talem,
238 371 419 432 Japheto
465 369 874 432 septemtrionalem,
921 373 1048 416 Semo
1094 372 1392 433 meridianam,

42 450 272 496 secundum
300 467 393 496 eam
421 452 711 512 partitionem,
742 467 835 512 quae
864 452 968 496 insra
996 454 1395 500 commemorabitur

42 533 83 577 in
109 533 310 593 particula
337 532 389 577 de
419 532 617 577 divisione
646 532 772 576 trium
801 531 914 577 orbis
945 534 1141 594 partium.
1183 535 1248 579 Eo
1278 542 1393 580 tem-

40 629 169 675 pore,
208 630 291 675 quo
330 614 480 658 horum
516 612 588 656 filii
626 613 667 657 in
695 613 818 658 terris
846 613 1148 673 versabantur,
1190 615 1392 676 cupiditas

40 695 230 755 pecuniae
251 695 542 755 honorumque
558 693 646 753 jam
665 694 843 753 gliscere
858 695 1013 755 coepit,
1045 710 1095 739 eo
1117 696 1229 757 quod
1249 697 1392 742 multae

41 782 168 833 artes,
198 781 320 819 antea
347 790 429 818 non
458 774 652 833 inventae,
684 781 772 819 tum
803 776 981 835 cognitae
1011 782 1125 835 sunt,
1155 793 1286 838 seque
1317 794 1393 839 pro

43 872 119 901 sua
147 856 322 917 quisque
352 860 441 899 arte
471 855 619 900 extulit
630 871 642 913 3
688 871 825 917 eoque
844 857 1078 902 insolentiae
1097 857 1268 903 tandem
1287 874 1394 919 pro-

42 942 282 993 cesserunt,
318 942 367 979 ut
393 935 600 995 Africani,
647 952 670 981 a
699 938 858 982 Chamo
896 937 1084 997 oriundi,
1122 938 1284 984 bellum
1323 939 1395 984 in-

42 1018 198 1062 ferrent
217 1017 255 1061 ei
274 1011 386 1061 orbis
407 1023 616 1062 terrarum
636 1019 759 1078 parti,
790 1034 916 1080 quam
935 1019 1101 1079 cognati
1121 1020 1200 1078 sui,
1223 1036 1245 1064 a
1267 1022 1394 1065 Semo

41 1098 258 1160 prognati,
289 1098 542 1143 incolebant.
589 1099 755 1154 Quibus
785 1099 979 1159 devictis,
1009 1100 1156 1146 orbem
1186 1108 1395 1146 terrarum

40 1179 119 1230 sibi
138 1195 221 1224 non
241 1179 433 1224 sufficere
452 1180 547 1239 rati,
587 1181 627 1224 in
656 1181 825 1241 planitie
846 1181 1043 1243 quadam,
1074 1182 1183 1227 dicta
1204 1182 1393 1242 Sineare,

40 1260 189 1306 turrim
226 1260 431 1322 aliquam,
470 1277 597 1322 quam
625 1262 730 1306 coelo
758 1268 881 1307 tenus
919 1263 1099 1308 educere
1135 1264 1393 1323 cogitarant,

42 1357 93 1386 ex
121 1341 323 1386 lateribus
353 1348 396 1386 et
422 1342 529 1387 saxis
557 1350 803 1388 construere
823 1345 1011 1404 aggressi
1031 1352 1143 1390 sunt.
1198 1346 1305 1399 Quae
1326 1345 1395 1389 sa-

40 1422 154 1468 brica
174 1439 304 1484 quum
332 1423 371 1467 in
400 1438 492 1468 eam
520 1424 851 1483 magnitudinem
880 1426 1156 1485 excrevisset,
1185 1432 1233 1471 ut
1252 1433 1394 1471 atmo-

41 1505 248 1566 sphaeram
277 1504 456 1558 (nubes)
487 1512 729 1566 superaret,
758 1506 900 1567 illique
920 1522 1004 1551 non
1025 1522 1076 1552 eo
1096 1508 1233 1552 minus
1256 1507 1395 1568 operis

42 1585 309 1632 continuandi
337 1586 561 1647 cupiditate
589 1586 938 1646 incenderentur,
969 1587 1099 1647 deus,
1129 1589 1396 1634 insolentiam

42 1682 190 1712 eorum
219 1667 340 1712 altius
371 1667 511 1712 efferri
541 1667 900 1727 animadvertens,
931 1669 1070 1730 aliquo
1099 1670 1225 1715 modo
1254 1670 1397 1731 repri-

41 1747 236 1793 mendam
273 1764 365 1794 esse
404 1745 612 1808 intelligit.
664 1750 723 1794 At
750 1750 861 1795 idem
890 1751 958 1794 ille
988 1750 1116 1810 deus,
1154 1751 1225 1812 qui
1254 1751 1396 1795 omni-

42 1835 192 1890 potens
237 1836 328 1887 est,
376 1830 454 1874 etsi
498 1846 583 1874 uno
628 1832 829 1892 temporis
865 1838 1080 1876 momento
1117 1839 1253 1877 totum
1289 1848 1397 1893 opus

43 1926 191 1955 eorum
211 1910 406 1970 dejicere,
437 1910 635 1971 ipsosque
665 1911 706 1955 in
735 1912 951 1972 pulverem
971 1920 1216 1958 convertere
1234 1919 1394 1974 posset,

42 1998 183 2036 tamen
213 2006 359 2036 eorum
388 1991 650 2051 propositum
678 1993 817 2053 potius
845 1993 901 2038 ita
931 2000 1120 2039 evertere
1159 1995 1314 2053 voluit,
1350 2000 1399 2039 ut

41 2072 289 2133 parvitatem
309 2088 426 2117 suam
447 2080 751 2133 agnoscerent,
780 2075 812 2119 si
842 2091 966 2120 nemo
996 2091 1144 2120 eorum
1173 2075 1271 2137 quid
1291 2076 1400 2120 alter

42 2154 289 2215 loqueretur
326 2154 613 2199 intellexisset.
685 2156 780 2209 Qua
808 2171 854 2200 re
884 2157 1037 2202 sactum
1066 2164 1153 2216 est,
1191 2164 1261 2216 ut,
1299 2155 1400 2218 quid

43 2235 222 2297 quisque
250 2235 369 2280 alteri
398 2236 675 2297 praeciperet,
713 2253 837 2282 nemo
865 2238 1151 2298 intelligeret,
1199 2237 1399 2300 quodque

42 2317 148 2361 alter
177 2323 395 2361 exstruere
423 2318 569 2377 vellet,
608 2319 714 2363 alter
736 2318 998 2377 destrueret3
1037 2336 1087 2365 eo
1107 2335 1243 2381 usque
1264 2319 1398 2364 donec

42 2397 120 2458 ipsi
148 2397 256 2442 inter
283 2413 327 2442 se
358 2398 617 2458 pugnabant,
649 2415 732 2460 quo
763 2399 917 2445 sactum
947 2407 1025 2460 est,
1062 2407 1110 2446 ut
1131 2399 1397 2445 exstruendae

44 2478 168 2529 turris
198 2478 434 2523 institutum
459 2480 625 2540 penitus
654 2480 937 2527 intercideret.
989 2483 1055 2527 Ex
1085 2482 1147 2527 his
1177 2482 1248 2543 qui
1275 2481 1397 2542 prin-

43 2558 178 2620 cipem
205 2560 344 2604 locum
374 2550 570 2619 tenebat,
611 2564 839 2607 Zoroaster
858 2561 993 2607 dictus
1014 2569 1078 2608 est
1089 2578 1101 2620 3
1131 2563 1229 2624 qui,
1260 2563 1396 2608 editus

44 2701 159 2734 halda.
215 2700 273 2743 ᾓῑί
305 2702 409 2744 laegoi
444 2703 511 2744 guo
544 2701 663 2749 beirra
688 2705 768 2736 ossa
792 2705 806 2737 i
832 2702 926 2750 bann
953 2706 1068 2747 imita,
1105 2707 1148 2738 ab
1175 2704 1329 2745 einginn,
1363 2707 1399 2735 ec

47 2768 149 2805 ceth,
175 2763 224 2805 S,
249 2764 296 2796 ΙΙ.
317 2784 361 2788 —
384 2765 416 2807 ⁹)
444 2777 465 2797 a
492 2764 659 2807 [einginn
683 2764 804 2811 {mirra
828 2767 934 2806 vissi,
962 2767 1008 2799 H.
1031 2785 1071 2791 —-
1099 2766 1147 2809 ¹⁰]
1175 2765 1263 2806 einn,
1289 2764 1335 2796 11.
1352 2782 1398 2787 —

52 2824 103 2868 ¹¹)
129 2836 151 2857 α
177 2825 272 2867 [sva.
302 2826 498 2859 hindraoist
522 2827 779 2870 stapulsmioit‚
804 2828 850 2861 H.
877 2848 920 2852 —
948 2827 998 2870 ¹²)
1025 2829 1132 2870 hann,
1159 2827 1264 2860 addit
1289 2826 1332 2860 H.
