<?xml version="1.0" encoding="UTF-8"?>
<!DOCTYPE html PUBLIC "-//W3C//DTD XHTML 1.0 Transitional//EN"
    "http://www.w3.org/TR/xhtml1/DTD/xhtml1-transitional.dtd">
<html xmlns="http://www.w3.org/1999/xhtml" xml:lang="en" lang="en">
 <head>
  <title>
</title>
<meta http-equiv="Content-Type" content="text/html;charset=utf-8" />
  <meta name='ocr-system' content='tesseract 3.04.00' />
  <meta name='ocr-capabilities' content='ocr_page ocr_carea ocr_par ocr_line ocrx_word'/>
</head>
<body>
  <div class='ocr_page' id='page_1' title='image "./eddasnorrasturlu01hafnuoft_0303.png"; bbox 0 0 1811 3256; ppageno 0'>
   <div class='ocr_carea' id='block_1_1' title="bbox 107 176 1454 224">
    <p class='ocr_par' dir='ltr' id='par_1_1' title="bbox 107 176 1454 224">
     <span class='ocr_line' id='line_1_1' title="bbox 107 176 1454 224; baseline 0.001 -3"><span class='ocrx_word' id='word_1_1' title='bbox 107 178 154 221; x_wconf 89' lang='lat' dir='ltr'>C.</span> <span class='ocrx_word' id='word_1_2' title='bbox 197 176 267 221; x_wconf 77' lang='lat'>18.</span> <span class='ocrx_word' id='word_1_3' title='bbox 514 192 572 224; x_wconf 83' lang='lat' dir='ltr'>DE</span> <span class='ocrx_word' id='word_1_4' title='bbox 600 190 815 223; x_wconf 59' lang='lat' dir='ltr'>moriem</span> <span class='ocrx_word' id='word_1_5' title='bbox 841 190 1050 223; x_wconf 73' lang='grc' dir='ltr'><strong>ΡΟΕΤΙΟΑ.</strong></span> <span class='ocrx_word' id='word_1_6' title='bbox 1359 177 1454 223; x_wconf 78' lang='grc'>287</span> 
     </span>
    </p>
   </div>
   <div class='ocr_carea' id='block_1_2' title="bbox 94 311 1454 2722">
    <p class='ocr_par' dir='ltr' id='par_1_2' title="bbox 99 311 1454 1102">
     <span class='ocr_line' id='line_1_2' title="bbox 104 311 1453 374; baseline -0.001 -15"><span class='ocrx_word' id='word_1_7' title='bbox 104 316 161 359; x_wconf 82' lang='lat' dir='ltr'>At</span> <span class='ocrx_word' id='word_1_8' title='bbox 187 320 275 358; x_wconf 90' lang='lat' dir='ltr'>tum</span> <span class='ocrx_word' id='word_1_9' title='bbox 302 311 432 374; x_wconf 83' lang='lat' dir='ltr'>pedes</span> <span class='ocrx_word' id='word_1_10' title='bbox 459 311 549 355; x_wconf 92' lang='lat' dir='ltr'>solo</span> <span class='ocrx_word' id='word_1_11' title='bbox 578 311 856 369; x_wconf 69' lang='lat' dir='ltr'>adhaeserunt,</span> <span class='ocrx_word' id='word_1_12' title='bbox 897 327 1026 372; x_wconf 88' lang='lat' dir='ltr'>quare</span> <span class='ocrx_word' id='word_1_13' title='bbox 1047 312 1204 357; x_wconf 81' lang='lat' dir='ltr'>Lokius</span> <span class='ocrx_word' id='word_1_14' title='bbox 1235 312 1289 356; x_wconf 88' lang='lat' dir='ltr'>ihi</span> <span class='ocrx_word' id='word_1_15' title='bbox 1310 322 1453 374; x_wconf 84' lang='lat' dir='ltr'>captus</span> 
     </span>
     <span class='ocr_line' id='line_1_3' title="bbox 104 391 1454 455; baseline -0.001 -16"><span class='ocrx_word' id='word_1_16' title='bbox 104 401 146 439; x_wconf 87' lang='lat' dir='ltr'>et</span> <span class='ocrx_word' id='word_1_17' title='bbox 164 393 216 438; x_wconf 83' lang='lat' dir='ltr'>ad</span> <span class='ocrx_word' id='word_1_18' title='bbox 236 391 485 439; x_wconf 90' lang='lat' dir='ltr'>Geirrodum</span> <span class='ocrx_word' id='word_1_19' title='bbox 506 392 715 451; x_wconf 78' lang='lat' dir='ltr'>gigantem</span> <span class='ocrx_word' id='word_1_20' title='bbox 737 392 938 437; x_wconf 85' lang='lat' dir='ltr'>deductus</span> <span class='ocrx_word' id='word_1_21' title='bbox 958 399 1036 437; x_wconf 87' lang='lat' dir='ltr'>est.</span> <span class='ocrx_word' id='word_1_22' title='bbox 1081 394 1175 453; x_wconf 79' lang='lat' dir='ltr'>Hic,</span> <span class='ocrx_word' id='word_1_23' title='bbox 1197 410 1325 455; x_wconf 90' lang='lat' dir='ltr'>quum</span> <span class='ocrx_word' id='word_1_24' title='bbox 1346 411 1454 438; x_wconf 86' lang='lat' dir='ltr'>ocu-</span> 
     </span>
     <span class='ocr_line' id='line_1_4' title="bbox 101 473 1453 533; baseline 0 -14"><span class='ocrx_word' id='word_1_25' title='bbox 101 476 164 519; x_wconf 90' lang='lat' dir='ltr'>los</span> <span class='ocrx_word' id='word_1_26' title='bbox 191 473 280 532; x_wconf 85' lang='lat' dir='ltr'>ejus</span> <span class='ocrx_word' id='word_1_27' title='bbox 310 473 571 533; x_wconf 74' lang='lat' dir='ltr'>inspexisset,</span> <span class='ocrx_word' id='word_1_28' title='bbox 608 474 814 517; x_wconf 85' lang='lat' dir='ltr'>hominem</span> <span class='ocrx_word' id='word_1_29' title='bbox 843 490 935 518; x_wconf 90' lang='lat' dir='ltr'>esse</span> <span class='ocrx_word' id='word_1_30' title='bbox 963 474 1218 533; x_wconf 77' lang='lat' dir='ltr'>suspicatus⁷</span> <span class='ocrx_word' id='word_1_31' title='bbox 1255 490 1351 518; x_wconf 90' lang='lat' dir='ltr'>eum</span> <span class='ocrx_word' id='word_1_32' title='bbox 1376 491 1453 519; x_wconf 79' lang='lat' dir='ltr'>re-</span> 
     </span>
     <span class='ocr_line' id='line_1_5' title="bbox 102 554 1450 615; baseline 0.001 -16"><span class='ocrx_word' id='word_1_33' title='bbox 102 555 308 615; x_wconf 81' lang='lat' dir='ltr'>spondere</span> <span class='ocrx_word' id='word_1_34' title='bbox 345 554 421 611; x_wconf 88' lang='lat' dir='ltr'>(ad</span> <span class='ocrx_word' id='word_1_35' title='bbox 463 555 740 613; x_wconf 84' lang='lat' dir='ltr'>interrogata)</span> <span class='ocrx_word' id='word_1_36' title='bbox 770 555 907 613; x_wconf 81' lang='lat' dir='ltr'>jussit.</span> <span class='ocrx_word' id='word_1_37' title='bbox 979 556 1062 599; x_wconf 89' lang='lat' dir='ltr'>Sed</span> <span class='ocrx_word' id='word_1_38' title='bbox 1090 555 1244 600; x_wconf 80' lang='lat' dir='ltr'>Lokius</span> <span class='ocrx_word' id='word_1_39' title='bbox 1272 557 1450 600; x_wconf 81' lang='lat' dir='ltr'>tacebat.</span> 
     </span>
     <span class='ocr_line' id='line_1_6' title="bbox 102 635 1452 696; baseline 0 -15"><span class='ocrx_word' id='word_1_40' title='bbox 102 639 210 681; x_wconf 90' lang='lat' dir='ltr'>Tum</span> <span class='ocrx_word' id='word_1_41' title='bbox 240 635 468 681; x_wconf 88' lang='lat' dir='ltr'>Geirrodus</span> <span class='ocrx_word' id='word_1_42' title='bbox 494 636 671 680; x_wconf 87' lang='lat' dir='ltr'>Lokium</span> <span class='ocrx_word' id='word_1_43' title='bbox 706 636 745 679; x_wconf 91' lang='lat' dir='ltr'>in</span> <span class='ocrx_word' id='word_1_44' title='bbox 774 651 866 679; x_wconf 86' lang='lat' dir='ltr'>arca</span> <span class='ocrx_word' id='word_1_45' title='bbox 906 636 1110 680; x_wconf 85' lang='lat' dir='ltr'>inclusum</span> <span class='ocrx_word' id='word_1_46' title='bbox 1142 637 1300 696; x_wconf 87' lang='lat' dir='ltr'>jejunio</span> <span class='ocrx_word' id='word_1_47' title='bbox 1327 637 1452 681; x_wconf 84' lang='lat' dir='ltr'>trium</span> 
     </span>
     <span class='ocr_line' id='line_1_7' title="bbox 101 717 1451 762; baseline 0.001 -1"><span class='ocrx_word' id='word_1_48' title='bbox 101 717 305 761; x_wconf 89' lang='lat' dir='ltr'>mensium</span> <span class='ocrx_word' id='word_1_49' title='bbox 325 718 559 761; x_wconf 74' lang='lat' dir='ltr'>maceravit.</span> <span class='ocrx_word' id='word_1_50' title='bbox 595 717 658 760; x_wconf 79' lang='lat' dir='ltr'>Ex</span> <span class='ocrx_word' id='word_1_51' title='bbox 688 731 782 760; x_wconf 87' lang='lat' dir='ltr'>arca</span> <span class='ocrx_word' id='word_1_52' title='bbox 801 732 822 760; x_wconf 89' lang='lat' dir='ltr'>a</span> <span class='ocrx_word' id='word_1_53' title='bbox 844 717 1048 761; x_wconf 70' lang='lat' dir='ltr'>Geirmdo</span> <span class='ocrx_word' id='word_1_54' title='bbox 1075 717 1261 762; x_wconf 88' lang='lat' dir='ltr'>sublatus</span> <span class='ocrx_word' id='word_1_55' title='bbox 1289 725 1330 762; x_wconf 90' lang='lat' dir='ltr'>et</span> <span class='ocrx_word' id='word_1_56' title='bbox 1356 734 1451 762; x_wconf 81' lang='lat' dir='ltr'>ser—</span> 
     </span>
     <span class='ocr_line' id='line_1_8' title="bbox 100 798 1448 859; baseline 0.001 -18"><span class='ocrx_word' id='word_1_57' title='bbox 100 814 224 843; x_wconf 91' lang='lat' dir='ltr'>mone</span> <span class='ocrx_word' id='word_1_58' title='bbox 245 799 531 859; x_wconf 71' lang='lat' dir='ltr'>compellatus7</span> <span class='ocrx_word' id='word_1_59' title='bbox 569 798 659 859; x_wconf 89' lang='lat' dir='ltr'>quis</span> <span class='ocrx_word' id='word_1_60' title='bbox 681 804 808 855; x_wconf 82' lang='lat' dir='ltr'>esset⁷</span> <span class='ocrx_word' id='word_1_61' title='bbox 846 798 979 843; x_wconf 86' lang='lat' dir='ltr'>fassus</span> <span class='ocrx_word' id='word_1_62' title='bbox 1001 805 1078 857; x_wconf 79' lang='lat' dir='ltr'>est,</span> <span class='ocrx_word' id='word_1_63' title='bbox 1116 799 1326 858; x_wconf 83' lang='lat' dir='ltr'>vitamque</span> <span class='ocrx_word' id='word_1_64' title='bbox 1346 815 1448 858; x_wconf 87' lang='lat' dir='ltr'>pac-</span> 
     </span>
     <span class='ocr_line' id='line_1_9' title="bbox 100 878 1450 940; baseline -0.001 -16"><span class='ocrx_word' id='word_1_65' title='bbox 100 887 166 924; x_wconf 81' lang='lat' dir='ltr'>tus</span> <span class='ocrx_word' id='word_1_66' title='bbox 186 880 428 940; x_wconf 82' lang='lat' dir='ltr'>interposito</span> <span class='ocrx_word' id='word_1_67' title='bbox 445 878 717 939; x_wconf 80' lang='lat' dir='ltr'>jurejurando</span> <span class='ocrx_word' id='word_1_68' title='bbox 739 913 749 929; x_wconf 71' lang='grc'>,</span> <span class='ocrx_word' id='word_1_69' title='bbox 788 880 1008 939; x_wconf 71' lang='lat' dir='ltr'>facturum,</span> <span class='ocrx_word' id='word_1_70' title='bbox 1045 887 1090 924; x_wconf 82' lang='lat' dir='ltr'>ut</span> <span class='ocrx_word' id='word_1_71' title='bbox 1109 881 1224 925; x_wconf 87' lang='lat' dir='ltr'>Thor</span> <span class='ocrx_word' id='word_1_72' title='bbox 1243 880 1450 925; x_wconf 88' lang='lat' dir='ltr'>Geirrod-</span> 
     </span>
     <span class='ocr_line' id='line_1_10' title="bbox 100 960 1449 1023; baseline 0.001 -19"><span class='ocrx_word' id='word_1_73' title='bbox 100 960 252 1019; x_wconf 82' lang='lat' dir='ltr'>gardos</span> <span class='ocrx_word' id='word_1_74' title='bbox 273 961 329 1005; x_wconf 88' lang='lat' dir='ltr'>sie</span> <span class='ocrx_word' id='word_1_75' title='bbox 349 961 521 1019; x_wconf 75' lang='lat' dir='ltr'>veniret7</span> <span class='ocrx_word' id='word_1_76' title='bbox 559 966 604 1004; x_wconf 87' lang='lat' dir='ltr'>ut</span> <span class='ocrx_word' id='word_1_77' title='bbox 625 975 760 1020; x_wconf 85' lang='lat' dir='ltr'>neque</span> <span class='ocrx_word' id='word_1_78' title='bbox 790 976 931 1005; x_wconf 90' lang='lat' dir='ltr'>secum</span> <span class='ocrx_word' id='word_1_79' title='bbox 950 962 1162 1020; x_wconf 63' lang='lat' dir='ltr'>malleum,</span> <span class='ocrx_word' id='word_1_80' title='bbox 1199 977 1336 1023; x_wconf 86' lang='lat' dir='ltr'>neque</span> <span class='ocrx_word' id='word_1_81' title='bbox 1357 962 1449 1006; x_wconf 89' lang='lat' dir='ltr'>cin-</span> 
     </span>
     <span class='ocr_line' id='line_1_11' title="bbox 99 1040 738 1102; baseline -0.002 -16"><span class='ocrx_word' id='word_1_82' title='bbox 99 1043 243 1102; x_wconf 91' lang='lat' dir='ltr'>gulum</span> <span class='ocrx_word' id='word_1_83' title='bbox 262 1041 531 1086; x_wconf 88' lang='lat' dir='ltr'>roborificum</span> <span class='ocrx_word' id='word_1_84' title='bbox 551 1040 738 1085; x_wconf 85' lang='lat' dir='ltr'>haberet.</span> 
     </span>
    </p>

    <p class='ocr_par' dir='ltr' id='par_1_3' title="bbox 94 1121 1448 2220">
     <span class='ocr_line' id='line_1_12' title="bbox 230 1121 1447 1183; baseline 0 -15"><span class='ocrx_word' id='word_1_85' title='bbox 230 1124 345 1168; x_wconf 89' lang='lat' dir='ltr'>Thor</span> <span class='ocrx_word' id='word_1_86' title='bbox 372 1121 421 1165; x_wconf 84' lang='lat' dir='ltr'>ad</span> <span class='ocrx_word' id='word_1_87' title='bbox 450 1122 646 1166; x_wconf 85' lang='lat' dir='ltr'>oreadem</span> <span class='ocrx_word' id='word_1_88' title='bbox 672 1121 896 1182; x_wconf 73' lang='lat' dir='ltr'>quandam,</span> <span class='ocrx_word' id='word_1_89' title='bbox 934 1123 1100 1167; x_wconf 91' lang='lat' dir='ltr'>nomine</span> <span class='ocrx_word' id='word_1_90' title='bbox 1130 1124 1315 1183; x_wconf 70' lang='lat' dir='ltr'>Gridam,</span> <span class='ocrx_word' id='word_1_91' title='bbox 1352 1140 1447 1168; x_wconf 93' lang='lat' dir='ltr'>ma-</span> 
     </span>
     <span class='ocr_line' id='line_1_13' title="bbox 98 1203 1448 1263; baseline 0.001 -14"><span class='ocrx_word' id='word_1_92' title='bbox 98 1211 206 1249; x_wconf 87' lang='lat' dir='ltr'>trem</span> <span class='ocrx_word' id='word_1_93' title='bbox 232 1203 395 1248; x_wconf 87' lang='lat' dir='ltr'>Vidaris</span> <span class='ocrx_word' id='word_1_94' title='bbox 425 1203 651 1260; x_wconf 80' lang='lat' dir='ltr'>Tacitnrni7</span> <span class='ocrx_word' id='word_1_95' title='bbox 688 1203 739 1246; x_wconf 93' lang='lat' dir='ltr'>ad</span> <span class='ocrx_word' id='word_1_96' title='bbox 766 1203 1055 1263; x_wconf 85' lang='lat' dir='ltr'>hospitandum</span> <span class='ocrx_word' id='word_1_97' title='bbox 1083 1204 1276 1249; x_wconf 79' lang='lat' dir='ltr'>devertit.</span> <span class='ocrx_word' id='word_1_98' title='bbox 1345 1207 1448 1250; x_wconf 70' lang='lat' dir='ltr'>Haee</span> 
     </span>
     <span class='ocr_line' id='line_1_14' title="bbox 98 1282 1448 1343; baseline 0.001 -14"><span class='ocrx_word' id='word_1_99' title='bbox 98 1286 213 1330; x_wconf 77' lang='lat' dir='ltr'>Tlior</span> <span class='ocrx_word' id='word_1_100' title='bbox 230 1300 324 1328; x_wconf 87' lang='lat' dir='ltr'>vera</span> <span class='ocrx_word' id='word_1_101' title='bbox 345 1282 396 1327; x_wconf 85' lang='lat' dir='ltr'>de</span> <span class='ocrx_word' id='word_1_102' title='bbox 417 1283 620 1329; x_wconf 88' lang='lat' dir='ltr'>Geirrodo</span> <span class='ocrx_word' id='word_1_103' title='bbox 646 1284 844 1342; x_wconf 66' lang='lat' dir='ltr'>narravit,</span> <span class='ocrx_word' id='word_1_104' title='bbox 882 1284 1093 1343; x_wconf 77' lang='lat' dir='ltr'>gigantem</span> <span class='ocrx_word' id='word_1_105' title='bbox 1124 1282 1216 1329; x_wconf 80' lang='lat' dir='ltr'>esse</span> <span class='ocrx_word' id='word_1_106' title='bbox 1237 1287 1448 1330; x_wconf 66' lang='lat' dir='ltr'>acerrimae</span> 
     </span>
     <span class='ocr_line' id='line_1_15' title="bbox 98 1364 1448 1427; baseline 0.001 -17"><span class='ocrx_word' id='word_1_107' title='bbox 98 1365 330 1426; x_wconf 84' lang='lat' dir='ltr'>sagacitatis</span> <span class='ocrx_word' id='word_1_108' title='bbox 358 1364 481 1423; x_wconf 90' lang='lat' dir='ltr'>(artis</span> <span class='ocrx_word' id='word_1_109' title='bbox 502 1364 670 1424; x_wconf 81' lang='lat' dir='ltr'>magicae</span> <span class='ocrx_word' id='word_1_110' title='bbox 690 1365 1001 1424; x_wconf 73' lang='lat' dir='ltr'>peritissimum7</span> <span class='ocrx_word' id='word_1_111' title='bbox 1030 1366 1236 1410; x_wconf 85' lang='lat' dir='ltr'>veneficiis</span> <span class='ocrx_word' id='word_1_112' title='bbox 1256 1367 1448 1427; x_wconf 88' lang='lat' dir='ltr'>plenum)</span> 
     </span>
     <span class='ocr_line' id='line_1_16' title="bbox 97 1445 1448 1506; baseline 0.001 -14"><span class='ocrx_word' id='word_1_113' title='bbox 97 1455 140 1493; x_wconf 85' lang='lat' dir='ltr'>et</span> <span class='ocrx_word' id='word_1_114' title='bbox 158 1453 335 1492; x_wconf 85' lang='lat' dir='ltr'>tractatu</span> <span class='ocrx_word' id='word_1_115' title='bbox 355 1445 577 1490; x_wconf 86' lang='lat' dir='ltr'>difficilem.</span> <span class='ocrx_word' id='word_1_116' title='bbox 605 1447 667 1490; x_wconf 86' lang='lat' dir='ltr'>Ea</span> <span class='ocrx_word' id='word_1_117' title='bbox 687 1446 738 1490; x_wconf 96' lang='lat' dir='ltr'>illi</span> <span class='ocrx_word' id='word_1_118' title='bbox 759 1446 968 1506; x_wconf 85' lang='lat' dir='ltr'>cingulum</span> <span class='ocrx_word' id='word_1_119' title='bbox 987 1446 1150 1491; x_wconf 87' lang='lat' dir='ltr'>roboris</span> <span class='ocrx_word' id='word_1_120' title='bbox 1171 1455 1213 1492; x_wconf 86' lang='lat' dir='ltr'>et</span> <span class='ocrx_word' id='word_1_121' title='bbox 1231 1448 1448 1494; x_wconf 82' lang='lat' dir='ltr'>chirothe-</span> 
     </span>
     <span class='ocr_line' id='line_1_17' title="bbox 96 1526 1448 1588; baseline 0.001 -15"><span class='ocrx_word' id='word_1_122' title='bbox 96 1544 164 1573; x_wconf 83' lang='lat' dir='ltr'>cas</span> <span class='ocrx_word' id='word_1_123' title='bbox 185 1529 356 1587; x_wconf 73' lang='lat' dir='ltr'>ferreas,</span> <span class='ocrx_word' id='word_1_124' title='bbox 394 1543 487 1588; x_wconf 84' lang='lat' dir='ltr'>quae</span> <span class='ocrx_word' id='word_1_125' title='bbox 507 1527 543 1571; x_wconf 89' lang='lat' dir='ltr'>ei</span> <span class='ocrx_word' id='word_1_126' title='bbox 564 1534 697 1586; x_wconf 65' lang='lat' dir='ltr'>erant,</span> <span class='ocrx_word' id='word_1_127' title='bbox 733 1526 1012 1588; x_wconf 77' lang='lat' dir='ltr'>baculumque</span> <span class='ocrx_word' id='word_1_128' title='bbox 1032 1544 1169 1586; x_wconf 61' lang='lat' dir='ltr'>suum„</span> <span class='ocrx_word' id='word_1_129' title='bbox 1202 1529 1340 1574; x_wconf 74' lang='lat' dir='ltr'>Gridae</span> <span class='ocrx_word' id='word_1_130' title='bbox 1361 1529 1448 1574; x_wconf 91' lang='lat' dir='ltr'>sci-</span> 
     </span>
     <span class='ocr_line' id='line_1_18' title="bbox 96 1607 1447 1669; baseline 0.001 -16"><span class='ocrx_word' id='word_1_131' title='bbox 96 1609 262 1669; x_wconf 86' lang='lat' dir='ltr'>pionem</span> <span class='ocrx_word' id='word_1_132' title='bbox 283 1609 451 1665; x_wconf 73' lang='lat' dir='ltr'>dictum,</span> <span class='ocrx_word' id='word_1_133' title='bbox 489 1608 777 1652; x_wconf 72' lang='lat' dir='ltr'>commodavit.</span> <span class='ocrx_word' id='word_1_134' title='bbox 833 1607 932 1652; x_wconf 87' lang='lat' dir='ltr'>Inde</span> <span class='ocrx_word' id='word_1_135' title='bbox 953 1609 1066 1653; x_wconf 84' lang='lat' dir='ltr'>Thor</span> <span class='ocrx_word' id='word_1_136' title='bbox 1084 1610 1293 1669; x_wconf 78' lang='lat' dir='ltr'>profectus</span> <span class='ocrx_word' id='word_1_137' title='bbox 1314 1617 1377 1654; x_wconf 89' lang='lat' dir='ltr'>est</span> <span class='ocrx_word' id='word_1_138' title='bbox 1396 1611 1447 1656; x_wconf 82' lang='lat' dir='ltr'>ad</span> 
     </span>
     <span class='ocr_line' id='line_1_19' title="bbox 97 1689 1447 1748; baseline 0.001 -14"><span class='ocrx_word' id='word_1_139' title='bbox 97 1706 278 1748; x_wconf 80' lang='lat' dir='ltr'>amnem⁷</span> <span class='ocrx_word' id='word_1_140' title='bbox 316 1689 498 1734; x_wconf 84' lang='lat' dir='ltr'>Vimram</span> <span class='ocrx_word' id='word_1_141' title='bbox 518 1689 688 1748; x_wconf 73' lang='lat' dir='ltr'>dictum7</span> <span class='ocrx_word' id='word_1_142' title='bbox 726 1689 944 1734; x_wconf 87' lang='lat' dir='ltr'>lluviorum</span> <span class='ocrx_word' id='word_1_143' title='bbox 962 1691 1202 1734; x_wconf 67' lang='lat' dir='ltr'>maximum.</span> <span class='ocrx_word' id='word_1_144' title='bbox 1257 1691 1334 1735; x_wconf 91' lang='lat' dir='ltr'>Hic</span> <span class='ocrx_word' id='word_1_145' title='bbox 1354 1691 1447 1735; x_wconf 88' lang='lat' dir='ltr'>cin-</span> 
     </span>
     <span class='ocr_line' id='line_1_20' title="bbox 97 1770 1445 1830; baseline 0.001 -15"><span class='ocrx_word' id='word_1_146' title='bbox 97 1772 194 1830; x_wconf 88' lang='lat' dir='ltr'>gulo</span> <span class='ocrx_word' id='word_1_147' title='bbox 214 1770 436 1815; x_wconf 80' lang='lat' dir='ltr'>roborifico</span> <span class='ocrx_word' id='word_1_148' title='bbox 465 1786 508 1814; x_wconf 88' lang='lat' dir='ltr'>se</span> <span class='ocrx_word' id='word_1_149' title='bbox 538 1770 677 1827; x_wconf 73' lang='lat' dir='ltr'>cinxit,</span> <span class='ocrx_word' id='word_1_150' title='bbox 716 1778 758 1814; x_wconf 88' lang='lat' dir='ltr'>et</span> <span class='ocrx_word' id='word_1_151' title='bbox 778 1771 913 1815; x_wconf 76' lang='lat' dir='ltr'>Gridae</span> <span class='ocrx_word' id='word_1_152' title='bbox 934 1771 1116 1830; x_wconf 78' lang='lat' dir='ltr'>scipione</span> <span class='ocrx_word' id='word_1_153' title='bbox 1137 1771 1187 1814; x_wconf 86' lang='lat' dir='ltr'>ad</span> <span class='ocrx_word' id='word_1_154' title='bbox 1206 1770 1445 1816; x_wconf 84' lang='lat' dir='ltr'>inferiorem</span> 
     </span>
     <span class='ocr_line' id='line_1_21' title="bbox 94 1850 1445 1911; baseline 0.001 -16"><span class='ocrx_word' id='word_1_155' title='bbox 94 1858 256 1911; x_wconf 86' lang='lat' dir='ltr'>partem</span> <span class='ocrx_word' id='word_1_156' title='bbox 285 1851 461 1895; x_wconf 79' lang='lat' dir='ltr'>{luminis</span> <span class='ocrx_word' id='word_1_157' title='bbox 490 1850 627 1894; x_wconf 80' lang='lat' dir='ltr'>defixo</span> <span class='ocrx_word' id='word_1_158' title='bbox 654 1850 888 1909; x_wconf 80' lang='lat' dir='ltr'>nitebatur3</span> <span class='ocrx_word' id='word_1_159' title='bbox 926 1851 1097 1909; x_wconf 67' lang='lat' dir='ltr'>Lokius,</span> <span class='ocrx_word' id='word_1_160' title='bbox 1136 1852 1342 1911; x_wconf 83' lang='lat' dir='ltr'>cingulum</span> <span class='ocrx_word' id='word_1_161' title='bbox 1368 1869 1445 1897; x_wconf 88' lang='lat' dir='ltr'>ro-</span> 
     </span>
     <span class='ocr_line' id='line_1_22' title="bbox 95 1932 1445 1989; baseline 0.002 -14"><span class='ocrx_word' id='word_1_162' title='bbox 95 1932 314 1976; x_wconf 81' lang='lat' dir='ltr'>borificum</span> <span class='ocrx_word' id='word_1_163' title='bbox 334 1938 495 1989; x_wconf 74' lang='lat' dir='ltr'>tenens,</span> <span class='ocrx_word' id='word_1_164' title='bbox 534 1948 578 1976; x_wconf 88' lang='lat' dir='ltr'>se</span> <span class='ocrx_word' id='word_1_165' title='bbox 600 1932 845 1976; x_wconf 85' lang='lat' dir='ltr'>sustinebat.</span> <span class='ocrx_word' id='word_1_166' title='bbox 900 1935 1042 1987; x_wconf 85' lang='lat' dir='ltr'>Quum</span> <span class='ocrx_word' id='word_1_167' title='bbox 1062 1932 1176 1977; x_wconf 90' lang='lat' dir='ltr'>Thor</span> <span class='ocrx_word' id='word_1_168' title='bbox 1201 1933 1240 1976; x_wconf 93' lang='lat' dir='ltr'>in</span> <span class='ocrx_word' id='word_1_169' title='bbox 1261 1933 1445 1978; x_wconf 86' lang='lat' dir='ltr'>medium</span> 
     </span>
     <span class='ocr_line' id='line_1_23' title="bbox 95 2013 1444 2074; baseline 0.001 -18"><span class='ocrx_word' id='word_1_170' title='bbox 95 2013 272 2062; x_wconf 86' lang='lat' dir='ltr'>{luminis</span> <span class='ocrx_word' id='word_1_171' title='bbox 302 2014 461 2058; x_wconf 87' lang='lat' dir='ltr'>alveum</span> <span class='ocrx_word' id='word_1_172' title='bbox 490 2029 739 2074; x_wconf 88' lang='lat' dir='ltr'>progressus</span> <span class='ocrx_word' id='word_1_173' title='bbox 760 2020 886 2070; x_wconf 78' lang='lat' dir='ltr'>esset,</span> <span class='ocrx_word' id='word_1_174' title='bbox 924 2013 1070 2057; x_wconf 90' lang='lat' dir='ltr'>ssuvius</span> <span class='ocrx_word' id='word_1_175' title='bbox 1098 2020 1318 2074; x_wconf 84' lang='lat' dir='ltr'>tantopere</span> <span class='ocrx_word' id='word_1_176' title='bbox 1347 2030 1444 2059; x_wconf 88' lang='lat' dir='ltr'>cre-</span> 
     </span>
     <span class='ocr_line' id='line_1_24' title="bbox 94 2094 1446 2155; baseline 0.001 -17"><span class='ocrx_word' id='word_1_177' title='bbox 94 2094 253 2151; x_wconf 77' lang='lat' dir='ltr'>scebat,</span> <span class='ocrx_word' id='word_1_178' title='bbox 289 2101 335 2139; x_wconf 87' lang='lat' dir='ltr'>ut</span> <span class='ocrx_word' id='word_1_179' title='bbox 356 2110 482 2155; x_wconf 85' lang='lat' dir='ltr'>super</span> <span class='ocrx_word' id='word_1_180' title='bbox 508 2095 728 2138; x_wconf 86' lang='lat' dir='ltr'>humerum</span> <span class='ocrx_word' id='word_1_181' title='bbox 748 2094 835 2154; x_wconf 84' lang='lat' dir='ltr'>ejus</span> <span class='ocrx_word' id='word_1_182' title='bbox 855 2094 1124 2139; x_wconf 87' lang='lat' dir='ltr'>redundaret.</span> <span class='ocrx_word' id='word_1_183' title='bbox 1195 2096 1312 2140; x_wconf 88' lang='lat' dir='ltr'>Tunc</span> <span class='ocrx_word' id='word_1_184' title='bbox 1331 2095 1446 2140; x_wconf 89' lang='lat' dir='ltr'>Thor</span> 
     </span>
     <span class='ocr_line' id='line_1_25' title="bbox 96 2175 523 2220; baseline 0.002 -2"><span class='ocrx_word' id='word_1_185' title='bbox 96 2175 170 2219; x_wconf 85' lang='lat' dir='ltr'>bos</span> <span class='ocrx_word' id='word_1_186' title='bbox 189 2190 332 2220; x_wconf 86' lang='lat' dir='ltr'>versus</span> <span class='ocrx_word' id='word_1_187' title='bbox 353 2175 523 2219; x_wconf 84' lang='lat' dir='ltr'>cecinit:</span> 
     </span>
    </p>

    <p class='ocr_par' dir='ltr' id='par_1_4' title="bbox 354 2256 966 2315">
     <span class='ocr_line' id='line_1_26' title="bbox 354 2256 966 2315; baseline -0.002 -14"><span class='ocrx_word' id='word_1_188' title='bbox 354 2259 416 2302; x_wconf 80' lang='lat' dir='ltr'>Ne</span> <span class='ocrx_word' id='word_1_189' title='bbox 450 2256 534 2315; x_wconf 81' lang='lat' dir='ltr'>jam</span> <span class='ocrx_word' id='word_1_190' title='bbox 571 2256 764 2308; x_wconf 67' lang='lat' dir='ltr'>creveris„</span> <span class='ocrx_word' id='word_1_191' title='bbox 801 2257 966 2311; x_wconf 66' lang='lat' dir='ltr'>Vimra7</span> 
     </span>
    </p>

    <p class='ocr_par' dir='ltr' id='par_1_5' title="bbox 354 2337 1242 2557">
     <span class='ocr_line' id='line_1_27' title="bbox 356 2337 1180 2398; baseline 0.002 -18"><span class='ocrx_word' id='word_1_192' title='bbox 356 2354 482 2398; x_wconf 89' lang='lat' dir='ltr'>quum</span> <span class='ocrx_word' id='word_1_193' title='bbox 520 2344 561 2382; x_wconf 86' lang='lat' dir='ltr'>te</span> <span class='ocrx_word' id='word_1_194' title='bbox 597 2337 772 2397; x_wconf 86' lang='lat' dir='ltr'>pedibus</span> <span class='ocrx_word' id='word_1_195' title='bbox 809 2338 981 2381; x_wconf 75' lang='lat' dir='ltr'>transire</span> <span class='ocrx_word' id='word_1_196' title='bbox 1017 2338 1180 2398; x_wconf 86' lang='lat' dir='ltr'>cupiam</span> 
     </span>
     <span class='ocr_line' id='line_1_28' title="bbox 355 2417 1242 2478; baseline 0 -16"><span class='ocrx_word' id='word_1_197' title='bbox 355 2419 407 2463; x_wconf 84' lang='lat' dir='ltr'>ad</span> <span class='ocrx_word' id='word_1_198' title='bbox 442 2419 654 2478; x_wconf 81' lang='lat' dir='ltr'>gigantum</span> <span class='ocrx_word' id='word_1_199' title='bbox 690 2418 920 2462; x_wconf 84' lang='lat' dir='ltr'>habitacula</span> <span class='ocrx_word' id='word_1_200' title='bbox 955 2417 1242 2478; x_wconf 71' lang='lat' dir='ltr'>proficiscens!</span> 
     </span>
     <span class='ocr_line' id='line_1_29' title="bbox 354 2500 919 2557; baseline 0 -13"><span class='ocrx_word' id='word_1_201' title='bbox 354 2501 489 2556; x_wconf 71' lang='lat' dir='ltr'>Scito,</span> <span class='ocrx_word' id='word_1_202' title='bbox 528 2500 560 2543; x_wconf 91' lang='lat' dir='ltr'>si</span> <span class='ocrx_word' id='word_1_203' title='bbox 595 2501 794 2557; x_wconf 72' lang='lat' dir='ltr'>creveris,</span> <span class='ocrx_word' id='word_1_204' title='bbox 831 2501 919 2544; x_wconf 86' lang='lat' dir='ltr'>sore</span> 
     </span>
    </p>

    <p class='ocr_par' dir='ltr' id='par_1_6' title="bbox 354 2581 1091 2625">
     <span class='ocr_line' id='line_1_30' title="bbox 354 2581 1091 2625; baseline 0 -1"><span class='ocrx_word' id='word_1_205' title='bbox 354 2588 400 2625; x_wconf 86' lang='lat' dir='ltr'>ut</span> <span class='ocrx_word' id='word_1_206' title='bbox 434 2582 531 2624; x_wconf 82' lang='lat' dir='ltr'>mihi</span> <span class='ocrx_word' id='word_1_207' title='bbox 565 2582 695 2625; x_wconf 81' lang='lat' dir='ltr'>robur</span> <span class='ocrx_word' id='word_1_208' title='bbox 726 2581 896 2625; x_wconf 79' lang='lat' dir='ltr'>Asicum</span> <span class='ocrx_word' id='word_1_209' title='bbox 932 2588 1091 2625; x_wconf 83' lang='lat' dir='ltr'>crescat</span> 
     </span>
    </p>

    <p class='ocr_par' dir='ltr' id='par_1_7' title="bbox 356 2663 958 2722">
     <span class='ocr_line' id='line_1_31' title="bbox 356 2663 958 2722; baseline -0.002 -15"><span class='ocrx_word' id='word_1_210' title='bbox 356 2664 392 2707; x_wconf 87' lang='lat' dir='ltr'>in</span> <span class='ocrx_word' id='word_1_211' title='bbox 429 2678 613 2707; x_wconf 89' lang='lat' dir='ltr'>summos</span> <span class='ocrx_word' id='word_1_212' title='bbox 649 2678 781 2722; x_wconf 89' lang='lat' dir='ltr'>usque</span> <span class='ocrx_word' id='word_1_213' title='bbox 819 2663 958 2706; x_wconf 70' lang='lat' dir='ltr'>coelos.</span> 
     </span>
    </p>
   </div>
  </div>
 </body>
</html>
