1811 3256
114 209 160 252 C·
199 205 369 252 39-40-
529 226 588 257 nn
615 225 833 257 merione
863 224 1067 256 pomos.
1367 209 1460 254 357

113 362 258 390 aurum
281 346 332 404 ei,
353 346 421 406 qui
441 346 688 405 possideret,
706 346 828 390 exitio
848 345 950 389 sore.
988 345 1113 398 Quod
1132 345 1183 390 ab
1203 362 1253 390 eo
1274 354 1460 407 tempore

111 433 246 470 ratum
269 427 354 471 suit.
426 429 546 472 Nunc
575 427 809 486 expositum
839 432 917 484 est,
955 441 1029 469 cur
1056 442 1204 470 aurum
1232 428 1461 486 appelletur

111 508 241 551 multa
263 508 397 566 lutrae,
418 508 548 552 multa
575 514 715 552 coacta
733 508 929 564 Asarum,
949 507 1162 551 metallum
1182 507 1460 553 dissidiorum.

177 587 256 634 40.
295 590 402 642 Quae
421 596 517 633 sunt
535 589 651 649 plura
669 588 721 632 de
747 604 849 633 auro
868 594 1102 632 memoratu
1129 588 1284 648 digna?
1319 591 1459 644 Quum

111 670 338 714 Hreidmar
357 685 520 728 aurum,
557 676 756 728 tanquam
786 669 958 713 multam
979 685 1053 729 pro
1073 669 1186 713 caede
1206 670 1292 729 filii,
1331 687 1461 715 occu—

112 758 265 811 passet,
302 752 454 795 Fasner
479 766 525 795 ac
543 751 675 809 Regin
696 757 857 810 partem
886 750 963 794 sibi
990 766 1064 810 pro
1084 750 1196 794 caede
1225 752 1360 795 fratris
1380 751 1461 795 de-

110 832 239 877 bitam
259 833 534 892 postularunt.
603 831 766 885 Quibus
787 847 916 891 quum
942 847 994 875 ne
1021 848 1150 876 unum
1170 831 1338 891 quidem
1375 834 1461 876 auri

112 913 333 957 numulum
360 912 591 957 concedere
618 913 743 957 vellet
770 911 1018 971 Hreidmar,
1064 914 1120 956 illi
1148 913 1188 957 id
1218 913 1356 972 flagitii
1383 914 1462 958 ad-

112 994 333 1051 miserunt,
370 999 415 1037 ut
443 999 604 1053 patrem
634 994 722 1037 auri
750 1009 850 1053 ergo
871 994 1167 1038 interficerent.
1240 995 1336 1048 Quo
1358 995 1463 1039 sacto

112 1075 267 1133 Regin,
298 1081 345 1118 ut
364 1090 510 1118 aurum
531 1075 570 1118 in
591 1074 692 1119 duas
712 1081 852 1134 partes
872 1075 980 1118 inter
999 1090 1071 1118 eos
1092 1074 1359 1128 divideretur,
1382 1092 1462 1134 po—

112 1155 290 1200 stulavit.
359 1156 512 1199 Fal‘ner
545 1156 603 1200 sic
630 1156 832 1215 reposuit,
870 1156 1063 1214 exiguam
1091 1171 1183 1200 esse
1204 1171 1336 1215 spem,
1375 1157 1463 1201 sore.

113 1243 160 1281 ut
179 1251 325 1280 aurum
346 1251 440 1280 cum
461 1237 588 1281 fratre
609 1237 947 1291 communicaret,
981 1237 1049 1295 qui
1070 1243 1230 1296 patrem
1250 1236 1301 1280 ad
1321 1238 1359 1281 id
1379 1254 1460 1298 po-

113 1317 300 1362 tiundum
322 1333 344 1362 e
363 1317 501 1361 medio
522 1317 780 1374 sustulisset,
818 1317 932 1361 abire
951 1318 1155 1377 Reginem
1169 1318 1308 1377 jussit,
1346 1320 1464 1363 aliter

113 1398 283 1453 eadem,
322 1414 403 1459 qua
427 1397 744 1456 Hreidmarem,
782 1407 895 1443 sorte
921 1415 1110 1444 usurum.
1182 1401 1289 1444 Tum
1313 1401 1464 1445 Fasner

113 1486 386 1539 occupaverat
404 1479 611 1540 capitique
632 1479 888 1540 imposuerat
907 1481 1083 1540 galeam,
1114 1495 1207 1539 quen
1226 1481 1462 1526 Hreidmari

113 1561 260 1614 fuerat,
298 1561 445 1605 dictam
466 1561 654 1605 Terroris
684 1561 860 1619 galeam,
899 1578 978 1622 qua
1008 1563 1091 1606 visa
1117 1564 1253 1607 omnia
1273 1564 1461 1607 animalia

113 1650 274 1686 terrore
303 1643 603 1702 percellentur:
652 1648 694 1686 et
721 1642 926 1701 gladium,
974 1644 1042 1703 qui
1078 1644 1269 1688 Hrottius
1299 1644 1462 1688 dicitur.

116 1723 268 1782 Regin,
306 1723 376 1781 qui
395 1721 529 1782 gladio
548 1723 760 1783 utebatur,
788 1725 931 1769 Revile
952 1725 1076 1782 dicto,
1098 1726 1278 1784 aufugit3
1314 1726 1465 1769 Fasner

114 1819 212 1848 vero
233 1804 271 1847 in
292 1804 442 1847 saltum
464 1804 706 1848 Gnitensem
726 1806 868 1863 evasit,
900 1805 954 1849 ibi
975 1807 1151 1850 lustrum
1172 1806 1247 1851 sibi
1267 1806 1462 1857 condidit,

118 1893 159 1929 et
178 1886 216 1928 in
236 1891 474 1944 serpentem
493 1900 716 1929 conversus
738 1900 838 1929 auro
858 1886 1058 1931 incubuit.

245 1965 379 2024 Regin
408 1964 460 2008 ad
477 1966 769 2025 Hjalprelzum,
801 1983 946 2024 regem
965 1967 1259 2026 Tliiodensem,
1287 1983 1463 2011 eonces-

116 2049 182 2107 sit,
220 2054 262 2092 et
280 2046 358 2091 sub
379 2047 468 2105 ejus
488 2047 677 2106 auspiciis
698 2047 894 2092 fabricam
915 2049 1113 2093 exercuit.
1158 2050 1258 2094 Mox
1280 2048 1333 2092 ibi
1353 2048 1463 2092 edu-

116 2128 293 2173 candum
324 2128 506 2188 suscepit
527 2127 769 2187 Sigurdum,
806 2130 936 2173 filium
957 2130 1173 2189 Sigmundi
1192 2130 1463 2189 Velsungidae

117 2216 160 2254 et
176 2209 386 2270 Hjordisae
404 2209 567 2269 Eylimii
593 2200 701 2266 filiae,
738 2211 923 2255 omnium
950 2212 1194 2270 regulorum
1214 2211 1463 2256 bellatorum

115 2291 281 2351 generis
308 2289 565 2351 praestantia,
602 2290 832 2352 viriumque
861 2298 903 2336 et
931 2293 1054 2336 animi
1080 2292 1364 2351 magnitudine
1385 2309 1463 2337 ex-

115 2371 473 2416 cellentissimum.
543 2371 654 2415 Huic
688 2373 820 2432 Regin
858 2374 1020 2432 locum,
1066 2373 1139 2418 ubi
1173 2375 1326 2418 Fasner
1361 2390 1462 2418 auro

114 2454 347 2511 incubaret,
383 2451 595 2511 indicavit,
633 2453 836 2514 hortatus,
872 2461 920 2499 ut
954 2470 1102 2499 aurum
1138 2454 1231 2499 inde
1267 2456 1462 2500 auferret.

116 2535 225 2578 Tum
242 2533 377 2593 Regin
395 2532 576 2592 gladium
598 2533 817 2580 fabricatus
843 2542 921 2595 est,
960 2537 1159 2581 Gramum
1183 2536 1355 2595 dictum,
1392 2538 1462 2595 qui

117 2613 222 2658 adeo
249 2621 394 2658 acutus
423 2621 527 2669 erat,
565 2621 611 2658 ut
637 2615 688 2659 ab
717 2616 896 2676 Sigurdo
924 2618 1133 2679 inaquam
1158 2617 1356 2662 {luentem
1382 2618 1462 2662 de—

116 2695 282 2753 missus,
318 2695 458 2740 villum
476 2697 596 2755 lanae,
635 2697 816 2742 secundo
849 2697 1016 2743 ssumine
1036 2699 1077 2743 in
1100 2699 1313 2743 adversam
1333 2698 1460 2742 aciem

119 2775 327 2833 delatum,
376 2775 615 2821 dissecaret.
684 2777 844 2823 Eodem
872 2780 1010 2838 gladio
1039 2780 1240 2839 Sigurdus
1270 2778 1460 2823 incudem
