1811 3256
64 210 110 254 C·
139 207 372 254 118-'119·
572 226 746 258 cLAws
785 225 1002 258 ΜΕΤΒΙΟΑ.
1312 208 1408 255 657

63 347 365 394 Panarmonion
396 347 532 392 minus
560 354 647 392 tum
677 347 846 392 demum
874 354 989 392 recte
1015 347 1291 408 compositum
1320 356 1408 409 est,

63 429 97 474 si
140 443 217 489 per
260 434 391 473 totam
436 429 648 489 stropham
692 429 974 473 continuatum
1019 429 1102 489 sit,
1148 429 1182 473 si
1226 444 1324 474 vero
1367 430 1410 474 in

63 510 232 570 plenum
278 509 576 570 panarmonion
621 509 898 567 transfertur,
944 515 991 554 ut
1026 510 1066 553 in
1101 509 1251 554 eodem
1286 526 1409 555 versu

65 590 228 651 syllahae
272 591 519 635 harmonicae
563 590 801 650 semiplenae
843 605 988 635 omnes
1033 597 1104 636 aut
1144 592 1293 651 partim
1330 592 1409 635 ad-

64 672 169 731 sint,
207 672 398 716 vitiosum
434 677 512 716 est.

170 783 276 828 119.
345 786 659 828 PANARmomoN
695 783 778 827 tale
814 789 908 827 est:

131 862 209 909 44.
262 855 437 924 Principi
473 879 624 923 magna
660 864 790 923 gloria
827 863 1056 923 contingit:

261 961 411 989 munus
449 961 531 989 non
569 944 712 999 deest,
758 945 959 988 electrum
998 945 1212 1005 spithamzn

263 1026 357 1070 viris
394 1025 626 1082 adsvescit,
673 1026 885 1070 monilium
922 1025 1133 1086 projector

263 1107 433 1152 eximias
469 1106 640 1150 virtutes
685 1106 886 1150 exhibuit.

261 1188 350 1233 Viri
387 1193 552 1246 gestant
586 1202 781 1246 magnam
816 1186 1121 1231 multitudinem

263 1268 507 1328 frigidorum
544 1274 664 1312 terrae
701 1268 949 1328 accipitrinae
985 1268 1170 1328 ignium3

266 1349 485 1394 artificiosa
520 1349 698 1408 aequoris
735 1348 899 1393 {lamma
934 1365 1029 1394 raro

265 1431 404 1493 quieta
441 1437 580 1475 manet
616 1429 726 1490 apud
761 1430 977 1492 chalybum
1013 1436 1236 1476 rectorem.

66 1514 146 1559 Hic
164 1513 203 1557 in
222 1512 366 1574 quovis
386 1511 567 1572 strophae
585 1527 706 1556 versu
726 1511 834 1555 binae
862 1518 959 1557 sunt
977 1512 1141 1572 syllabae
1158 1512 1408 1559 harmonicae

66 1596 212 1656 plenae.
281 1595 385 1638 Haec
403 1592 587 1652 variatio,
625 1592 658 1636 si
676 1598 789 1637 recte
809 1592 1050 1651 instituitur,
1081 1594 1282 1652 omnium,
1318 1612 1410 1656 quae

67 1677 108 1720 in
142 1674 392 1720 carminibus
429 1672 725 1734 componendis
762 1673 1026 1732 adhibentur,
1064 1675 1339 1734 pulcherrima
1369 1684 1410 1722 et

69 1756 306 1801 difficillima
342 1770 435 1799 esse
471 1754 759 1811 existimatur,
795 1761 969 1815 tumque
997 1755 1117 1815 plena
1147 1758 1412 1815 panarmonia

68 1845 163 1896 est,
210 1837 243 1881 si
278 1852 360 1880 non
397 1843 480 1895 at,
529 1833 618 1895 eli,
666 1849 757 1894 en,
805 1836 943 1880 aliaeve
988 1836 1140 1881 similes
1176 1839 1410 1898 particulae,

68 1919 145 1964 nisi
175 1916 351 1979 syllabas
380 1917 634 1961 harmonicas
662 1916 864 1975 efficiant,
901 1917 1261 1976 intermiscentur3
1298 1920 1410 1981 quod

69 2015 198 2061 quum
235 2014 385 2043 omnes
417 2001 552 2058 poetae
596 2013 678 2041 non
722 1998 933 2057 caverint,
985 1998 1027 2043 in
1071 1998 1168 2043 vitio
1213 2016 1294 2044 non
1332 2007 1410 2045 est.

71 2079 436 2136 Quemadmodum
472 2078 618 2122 cecinit
651 2079 850 2138 Klaengus
887 2079 1135 2140 episcopus:

233 2160 393 2220 Rogavi
428 2165 604 2218 coetum,
649 2160 827 2204 Geiteris
864 2176 972 2222 equo

235 2243 455 2286 vehentem
470 2256 482 2299 3
519 2241 621 2299 (iter
646 2256 756 2301 saepe
782 2257 934 2301 magno
962 2242 1099 2287 studio
1117 2244 1413 2304 properatur):

236 2338 391 2384 equum
427 2337 602 2367 onerum
637 2311 677 2366 in
712 2338 826 2367 mare
863 2321 1145 2384 deducamus,
1191 2325 1304 2370 navis

237 2404 354 2466 aquis
390 2404 579 2463 innatat,
623 2418 747 2448 cursu
781 2420 879 2449 vero
914 2411 1097 2451 utamur.

76 2577 114 2611 U,
140 2594 183 2598 --
216 2574 260 2616 ¹¹)
285 2577 390 2614 tvaer,
420 2571 473 2605 W.
499 2591 542 2595 —
575 2570 617 2615 ¹²)
642 2572 781 2619 kvebst,
810 2573 848 2606 U.
870 2592 915 2598 —
945 2573 992 2617 13)
1017 2586 1038 2607 a
1065 2574 1122 2617 [se
1148 2575 1188 2607 af
1210 2578 1284 2617 ort,
1312 2576 1350 2608 U.
1371 2594 1416 2600 -—

79 2636 126 2680 ¹¹¹)
153 2635 352 2669 transtulit
383 2634 479 2666 hanc
510 2634 701 2676 stropham
724 2634 813 2667 Joh.
841 2635 1000 2669 Otavius
1025 2636 1065 2680 in
1090 2637 1194 2669 Nord.
1219 2647 1253 2678 g.
1278 2637 1416 2678 Digtek.

71 2709 110 2741 p.
137 2697 198 2731 61.
238 2715 277 2720 —
318 2695 367 2738 ¹⁵)
394 2695 451 2728 sic
475 2694 585 2738 Regu,
615 2695 668 2738 U‚·
701 2695 830 2736 sveita,
861 2696 914 2729 W.
952 2716 998 2721 —
1039 2696 1087 2740 16)
1113 2709 1134 2730 a
1160 2697 1249 2740 [ger
1274 2709 1311 2731 ci·
1336 2697 1417 2744 hrsp

74 2760 184 2800 atfor,
214 2759 251 2792 U.
277 2777 321 2783 -—
360 2756 407 2800 ¹⁷)
432 2755 534 2799 lesti,
564 2757 604 2790 U.
628 2775 673 2781 -
706 2755 755 2800 ¹⁸)
780 2757 884 2801 skip,
911 2759 949 2791 U.

1115 2861 1160 2893 42
