1811 3256
117 239 166 283 C.
201 234 373 283 26-27·
492 249 794 285 nummo-sno
821 247 1086 280 GYLVIANA.
1381 228 1468 275 101

117 374 353 437 periclitari.
434 374 510 420 Cui
545 374 634 417 Har
668 369 910 415 subridens:
948 367 1023 412 suit
1061 367 1305 426 aliquando,
1343 384 1473 428 quum

116 473 187 502 res
225 473 247 502 a
283 471 446 501 summo
482 453 665 515 periculo
692 464 823 511 prope
852 449 1042 507 abesset,
1081 464 1163 509 qua
1183 448 1234 492 de
1262 464 1307 491 re
1337 448 1472 492 habeo

118 553 213 598 quae
236 538 432 582 referam.
496 533 581 580 Sed
606 532 740 592 primo
767 528 909 573 audies
939 530 1056 589 plura
1085 529 1266 573 Asarum
1291 528 1471 572 nomina.

186 618 264 664 27.
301 618 381 664 Uni
400 631 551 661 nomen
572 619 636 658 est
653 610 912 655 Heimdallus
925 626 936 668 3
956 610 989 654 is
1010 610 1240 670 appellatur
1258 609 1344 652 Asa
1371 623 1474 652 can-

119 699 263 744 didus:
284 698 395 743 idem
413 710 585 756 magnus
606 699 648 737 et
666 698 829 737 sanctus
850 697 927 735 est.
982 692 1105 735 Hunc
1123 690 1252 734 filium
1272 705 1474 750 peperere

118 796 267 825 novem
285 778 484 838 virgines,
522 789 666 819 omnes
695 787 880 817 sorores.
952 773 1137 817 Vocatur
1162 771 1285 815 etiam
1311 771 1475 816 Hallin—

120 859 278 905 skidius
315 865 358 904 et
393 855 715 913 Gullintannius3
759 853 906 898 dentes
944 853 1032 913 ejus
1069 869 1119 897 ex
1155 868 1256 896 auro
1291 852 1474 897 suerunt.

118 943 268 1000 Equus
288 940 376 1000 ejus
398 939 643 998 Gulltoppus
664 942 848 980 vocatur.
901 935 972 979 Ille
993 932 1298 992 (Heimdallus)
1318 933 1478 978 habitat

120 1023 237 1081 loco,
273 1021 344 1081 qui
361 1019 647 1078 Himinbjarga
668 1017 836 1075 dicitur,
869 1015 986 1075 juxta
1006 1015 1255 1059 Bivrastam:
1285 1020 1350 1058 est
1369 1014 1478 1058 enim

119 1109 259 1148 custos
296 1101 492 1159 deorum,
529 1100 671 1158 ibique
709 1097 829 1142 sedet
864 1096 916 1141 ad
950 1096 1253 1141 extremitatem
1281 1096 1394 1155 coeli,
1431 1102 1479 1140 ut

120 1189 290 1244 pontem
317 1181 523 1226 custodiat
542 1180 592 1224 ab
611 1179 847 1239 gigantibus
867 1177 1093 1235 montanis3
1122 1177 1254 1220 somni
1275 1177 1477 1221 brevioris

120 1270 208 1323 est,
246 1279 370 1324 quam
398 1261 502 1306 avis:
530 1267 656 1304 noctu
683 1275 802 1319 aeque
830 1275 875 1303 ac
901 1257 1081 1303 interdiu
1109 1264 1276 1302 centum
1295 1258 1480 1303 milliaria

119 1359 439 1406 quoquoversus
468 1342 687 1403 prospicit:
734 1341 845 1385 idem
873 1341 1040 1385 auribus
1070 1339 1243 1401 percipit
1270 1339 1481 1384 nascentia

120 1425 235 1470 humi
258 1425 465 1485 gramina,
496 1429 566 1468 aut
591 1425 723 1468 lanam
750 1423 789 1467 in
816 1423 960 1467 ovibus
987 1427 1344 1479 succrescentem,
1383 1436 1480 1464 om-

120 1506 272 1565 niaque
318 1506 437 1550 altius
475 1504 675 1549 sonantia.
747 1504 909 1549 Tubam
944 1503 1101 1562 habet,
1149 1502 1481 1562 Gjallarhornum

121 1586 294 1646 dictam,
329 1586 447 1646 cujus
468 1586 615 1631 inssatae
636 1602 760 1630 sonus
782 1602 856 1646 per
876 1600 1022 1629 omnes
1042 1583 1219 1628 mundos
1241 1583 1474 1628 exauditur.

120 1668 329 1713 Heimdali
347 1668 508 1728 gladius
529 1668 759 1728 appellatur
777 1673 899 1727 caput
917 1677 935 1696 ²¹
950 1701 960 1710 .
1017 1666 1084 1711 Sic
1103 1667 1181 1710 hoc
1202 1666 1313 1709 loco:

450 1803 742 1863 Himinbjarga
779 1802 988 1861 dicuntur,

454 1884 510 1928 ibi
548 1900 644 1929 vero
680 1883 965 1928 Heimdallum

453 1965 594 2009 dicunt
628 1980 811 2026 praeesse
856 1964 1086 2009 domiciliis.

454 2046 517 2090 lbi
552 2053 692 2091 custos
729 2046 906 2090 deorum
941 2045 1050 2090 bibit

455 2128 496 2171 in
532 2143 695 2172 amoena
732 2128 857 2172 domo

455 2208 595 2253 hilaris
632 2208 790 2253 bonum
826 2209 1024 2254 mulsum.

229 2341 268 2385 Β)
295 2341 322 2373 ἰ.
357 2350 386 2374 e.
421 2346 533 2384 capue
568 2343 783 2384 appellatur
818 2343 971 2385 yladins
1012 2342 1237 2385 lleimdalli5
1275 2353 1350 2375 non
1389 2342 1488 2376 enim

124 2407 215 2446 pulo
258 2412 412 2436 sensum
456 2412 565 2444 esse,
605 2413 738 2436 nomen
782 2404 903 2447 ycadiz·
952 2403 1158 2437 Heimdalli
1193 2404 1320 2446 fuisse
1355 2404 1490 2436 “Hofut

128 2462 331 2507 (Caput]⁷’‚
355 2473 442 2496 nam
457 2469 531 2497 tam
551 2466 658 2497 Hofut
673 2465 713 2497 in
728 2466 943 2508 yladiorum
957 2467 1241 2499 nomenclatura
1253 2465 1488 2499 haberemus.

127 2524 203 2558 Sed
239 2526 317 2558 hoec
354 2525 568 2559 observatio
604 2527 774 2561 auctoris
805 2527 925 2571 petita
959 2533 1016 2561 est
1049 2538 1097 2561 ex
1133 2527 1297 2560 dictione
1327 2526 1488 2570 politica.

126 2585 257 2620 Positis
283 2592 407 2620 antem
428 2588 593 2621 vetustis
620 2593 706 2621 ante
733 2594 899 2633 tempora
925 2595 1086 2632 receplae
1109 2589 1150 2622 in
1175 2588 1347 2623 Islandia
1374 2587 1489 2620 Chri-

127 2648 266 2681 stianoe
307 2649 507 2693 reliqionis
556 2649 626 2691 (A0
667 2650 803 2694 1000)
836 2651 877 2684 in
910 2661 982 2684 usn
1016 2651 1144 2693 fuisse
1185 2652 1281 2684 hanc
1316 2650 1488 2693 appella-

130 2708 291 2753 tionem,
327 2709 415 2743 inde
450 2711 623 2744 concludi
656 2717 798 2755 potest,
839 2713 934 2755 qvod
969 2713 1120 2746 Gretcer
1154 2713 1345 2746 leobastus
1378 2715 1492 2753 caput

130 2772 298 2813 appellat
323 2772 528 2805 “fleimdats
554 2773 668 2814 bjiir''.
