1811 3256
73 174 120 218 C.
160 170 333 217 22-23.
475 189 534 221 DE
560 190 778 223 merrom:
805 187 1013 220 PomicA.
1329 169 1422 216 315

203 311 416 357 candidam
452 312 677 369 virginem,
715 311 906 355 solatium

203 393 483 449 adserentem,
521 392 624 436 dolis
660 392 848 436 reducas.

200 500 330 542 Porro
364 497 562 554 inaudivi,
600 496 905 555 exploratorem

201 578 322 622 animi
359 578 571 635 Haeneris,
608 582 752 637 postea
789 576 858 635 qui

202 660 309 703 Asas
347 674 454 719 saepe
491 657 735 711 ludificavit,
771 655 961 701 indutum

203 741 356 785 exuviis
393 738 636 800 accipitrinis
673 738 848 782 volasse.

201 824 256 866 Et
292 822 438 865 doloso
473 820 609 864 animo
646 819 842 880 praeditus
877 821 1001 864 Pater

203 901 445 962 gigantidis,
483 908 698 945 strenuum
733 900 833 945 illud
869 917 1044 961 numen,

202 982 287 1028 ludi
323 984 481 1027 alarum
516 982 716 1042 peritum,
754 981 974 1026 stridorem
1011 982 1191 1028 ducebat

204 1065 457 1126 aquilinum,
495 1064 653 1124 prolem
689 1063 889 1123 accipitris
925 1080 1197 1126 persequens·

205 1179 374 1221 Summa
411 1175 577 1220 numina
614 1175 804 1220 celeriter
838 1175 1012 1234 perticas

201 1258 493 1314 rnncinarunt,
532 1264 572 1301 et
607 1256 843 1300 incendium
880 1256 1134 1314 excitarunt,

203 1339 309 1383 filius
349 1354 446 1382 vero
481 1338 593 1398 proci
629 1337 810 1396 gigantei

203 1427 374 1465 exustus
411 1427 498 1478 est,
537 1420 672 1463 volatu
710 1418 848 1463 subito
886 1418 1075 1463 inhibito.

202 1504 265 1547 Ea
301 1517 368 1545 res
406 1501 568 1562 depicta
606 1507 669 1545 est
707 1500 745 1544 in
781 1501 965 1545 montani
1001 1500 1177 1560 gigantis

203 1589 328 1643 ponte
364 1582 564 1643 plantari,
603 1581 673 1642 qui
708 1581 805 1626 mihi
843 1588 921 1626 est.

201 1666 294 1723 Ergo
329 1663 528 1708 mobilem
563 1662 703 1706 circuli
739 1663 911 1707 clivum.

204 1745 412 1790 coloribus
450 1744 628 1804 pictum,
667 1760 687 1787 a
726 1743 945 1788 Thorleim
982 1744 1134 1804 accepi.

70 1837 168 1880 Asae
190 1835 246 1879 sic
270 1840 384 1877 recte
405 1832 739 1890 denominantur,
776 1838 822 1875 ut
841 1832 946 1875 aller
964 1833 1131 1876 alterius
1158 1834 1323 1878 nomine
1344 1850 1424 1894 ap-

70 1917 265 1977 pelletur,
303 1921 344 1959 et
371 1931 419 1959 ex
440 1913 566 1974 gestis
587 1912 670 1957 suis
698 1919 768 1956 aut
787 1914 1053 1973 possessione
1073 1921 1149 1958 aut
1167 1931 1323 1974 genere
1343 1916 1423 1960 do-

70 1998 323 2042 nominetur.

136 2084 214 2130 23.
253 2083 478 2140 Quomodo
498 2083 647 2127 coelum
668 2081 1018 2128 denominandum
1040 2084 1137 2129 est?
1173 2084 1255 2144 Sic,
1276 2091 1323 2129 ut
1343 2100 1423 2145 ap-

68 2167 245 2227 pelletur
271 2166 383 2210 calva
400 2164 581 2223 Ymeris,
619 2169 661 2207 et
686 2163 780 2208 inde
807 2165 917 2208 calva
947 2164 1200 2228 (cujusque)
1229 2166 1425 2225 gigantiS,

68 2253 112 2293 et
147 2246 266 2292 labor
302 2254 373 2292 aut
408 2262 513 2291 onus
550 2262 767 2307 nanorum,
806 2256 877 2293 aut
912 2249 1029 2307 galea
1067 2248 1237 2307 Vestrii,
1277 2248 1425 2302 Ostrii,

69 2328 224 2387 Sudrii,
261 2328 453 2374 Nordrii:
491 2334 602 2372 terra
623 2330 718 2373 solis
739 2336 781 2373 et
799 2330 906 2373 lunae
927 2336 969 2374 et
987 2329 1187 2385 siderum,
1216 2346 1426 2386 ursarum,

68 2452 214 2482 statem.
255 2448 354 2480 Hinc
378 2458 448 2490 per
481 2448 751 2481 correctionem
778 2454 861 2481 orta
887 2447 1012 2489 forma
1039 2449 1244 2491 depravata
1269 2447 1430 2486 finnstili,

67 2519 128 2546 vn„
151 2519 234 2552 qen.
260 2510 438 2549 finnstilJa.
477 2508 571 2541 Lex.
596 2509 748 2552 mythol.
773 2521 859 2552 pay.
886 2509 969 2542 884
995 2515 1070 2542 not.
1095 2508 1202 2540 ****.
1228 2527 1270 2532 -—-
1301 2508 1346 2550 ¹⁵)
1373 2509 1429 2541 sic

69 2580 190 2612 snpra
213 2582 296 2614 paq.
322 2571 428 2612 2845
455 2581 510 2609 er,
540 2571 573 2603 Ιι.
598 2571 635 2609 L,
663 2572 736 2612 1123
763 2583 784 2603 a
811 2556 898 2613 [om.
925 2571 1015 2614 Rey.
1040 2590 1085 2595 ——
1117 2571 1163 2614 Η5)
1191 2571 1247 2603 sic
1267 2570 1332 2608 W3
1358 2569 1428 2601 bif-

69 2631 168 2666 cleili,
183 2631 273 2674 Ray.
286 2651 331 2656 —
350 2632 395 2674 Π)
410 2633 467 2665 sic
485 2631 545 2672 us3
572 2631 729 2677 poi-leffe,
746 2632 833 2675 Rey.
851 2651 888 2656 —
911 2633 959 2675 ¹⁸]
976 2633 1065 2665 Haec
1081 2644 1100 2664 a
1115 2632 1133 2675 [
1150 2657 1158 2674 ,
1174 2643 1253 2674 quse
1268 2632 1307 2663 in
1325 2632 1427 2672 Κεφ,

74 2692 163 2724 H'et
175 2694 254 2726 756
274 2699 442 2736 ‹za-stant,
467 2694 506 2726 in
526 2693 726 2727 ed.Raskii
749 2694 888 2726 omissa
904 2700 1012 2737 sunt5
1039 2694 1078 2727 in
1093 2694 1184 2737 Rey.
1202 2699 1275 2726 tam
1291 2692 1428 2724 ‹leh-ila

71 2758 181 2795 sunt,
205 2760 246 2787 ut
271 2756 339 2788 vice
364 2755 438 2798 leyi
461 2755 624 2798 possint.
649 2773 694 2778 —
725 2753 767 2797 ¹⁹)
793 2767 814 2788 a
841 2755 1001 2798 [Nor-bra
1027 2757 1071 2788 ok
1096 2756 1225 2796 sabra,
1255 2753 1309 2795 W,
1335 2753 1427 2786 750.
