1811 3256
49 223 97 266 C.
139 219 310 266 50-51.
416 238 718 271 commento
747 238 1009 271 GYLV1ANA.
1314 224 1404 269 187

47 361 209 419 adstat,
246 375 371 404 manu
398 366 545 404 tenens
574 360 749 420 pelvim,
786 375 867 419 qua
896 365 1034 417 guttas
1063 361 1209 404 veneni
1229 362 1403 421 excipit,

47 442 155 502 pelvi
174 447 315 485 autem
334 441 519 501 impleta,
541 440 715 485 discedit
733 446 776 484 et
795 439 969 484 effundit
986 455 1209 499 venenum,
1240 457 1402 487 veneno

45 523 205 566 interea
224 521 263 565 in
284 522 429 566 faciem
441 521 530 581 ejus
543 521 792 578 destillante,
814 536 898 581 quo
919 527 1000 565 tam
1011 522 1282 566 vehementer
1292 538 1403 566 eon-

43 604 213 661 cutitur,
233 609 279 647 ut
297 610 384 647 tota
404 609 514 647 terra
535 601 842 656 contremiscat,
878 601 990 661 quod
1008 617 1080 645 vos
1100 608 1222 646 terrae
1242 610 1402 648 motum

45 685 216 728 vocatis,
254 683 334 728 Hic
355 684 511 727 vinctus
525 683 638 742 jacet
656 697 790 742 usque
810 682 860 726 ad
881 683 1172 742 crepusculum
1191 685 1400 728 Deorum.

113 764 191 810 51.
230 766 338 809 Tum
360 763 631 822 Ganglerius:
653 778 843 823 quaenam
862 763 1149 808 memorabilia
1170 771 1287 821 sunt,
1309 781 1403 825 quae

43 846 96 890 de
125 845 371 905 crepusculo
390 847 581 888 Deorum
606 844 753 887 referri
778 844 972 904 possint?
1038 844 1175 903 Hujus
1206 845 1402 906 equidem

43 934 166 972 antea
204 926 458 970 mentionem
504 925 653 969 factam
686 941 767 968 non
805 926 954 971 audivi.
1025 928 1117 971 Har
1150 926 1401 986 respondet:

41 1024 192 1068 magna
210 1008 423 1066 multaque
442 1005 728 1049 memorabilia
741 1006 791 1050 de
804 1022 854 1050 eo
873 1008 1227 1068 rcserripossunt3
1248 1011 1399 1070 primo,

41 1090 155 1150 quod
182 1088 318 1133 veniet
345 1087 499 1139 hiemS,
544 1086 650 1131 dicta
678 1084 999 1133 Femlmlcetr
1025 1090 1180 1148 (hiems
1209 1091 1399 1150 magna),

41 1179 140 1216 tunc
157 1171 269 1215 nives
297 1184 348 1212 ex
368 1168 561 1213 omnibus
582 1168 673 1212 coeli
700 1168 828 1228 plagis
857 1170 1077 1230 decidunt,
1114 1187 1264 1231 magna
1291 1173 1400 1216 inci-

41 1253 145 1298 dunt
162 1250 365 1311 gelicidia,
401 1250 596 1310 ventique
615 1250 900 1305 vehementes,
937 1267 1015 1296 nec
1033 1253 1143 1298 ullus
1164 1255 1308 1315 solaris
1328 1255 1399 1298 lu-

38 1334 159 1378 minis
178 1348 279 1376 usus
299 1331 552 1392 percipitur,
589 1332 692 1376 tales
714 1338 798 1375 tres
819 1332 977 1377 hiemes
997 1342 1248 1395 congruunt,
1286 1336 1399 1380 nulla

38 1422 183 1460 aestate
209 1413 525 1458 interveniente.
595 1414 683 1457 Has
713 1430 811 1457 vero
841 1420 926 1458 tres
947 1415 1035 1459 alia}
1054 1417 1212 1460 hiemes
1232 1432 1398 1477 praece-

38 1497 163 1556 dunt,
212 1495 362 1557 quibus
389 1494 570 1554 ingentia
599 1495 742 1555 proelia
768 1511 842 1555 per
860 1502 994 1541 totum
1025 1504 1230 1542 terrarum
1250 1498 1399 1543 orbem

37 1579 376 1624 committuntur:
397 1584 486 1621 tum
500 1577 647 1621 fratres
669 1577 847 1621 avaritiae
864 1593 1009 1622 caussa
1029 1595 1073 1624 se
1093 1586 1240 1624 mutuo
1260 1580 1397 1623 inter-

36 1660 195 1718 ficiunt,
232 1675 356 1704 nemo
376 1658 481 1719 patri
501 1664 572 1703 aut
590 1657 673 1701 filio
693 1658 839 1719 parcit,
876 1659 1145 1717 gliscentibus
1165 1660 1394 1704 homicidiis

36 1747 80 1786 et
98 1741 452 1785 necessitudinum
470 1740 708 1784 violatione.
746 1740 813 1784 Sic
832 1739 959 1784 habet
977 1741 1227 1786 Vaticinium
1238 1742 1395 1787 Valaea:

297 1823 465 1867 Fratres
501 1820 674 1864 invicem
692 1821 956 1880 pugnabunt,

298 1918 492 1963 unusque
527 1903 705 1946 alterum
739 1901 915 1960 occidet,

298 1983 534 2029 consobrini

297 2066 530 2110 adfinitates
567 2063 795 2108 violabunt.

299 2149 455 2193 Graves
492 2147 746 2191 calamitates
783 2146 973 2191 accidunt
1008 2146 1259 2206 hominibus,

294 2228 529 2289 frequentia
566 2227 784 2279 adulteria,

294 2317 392 2355 aetas
430 2309 663 2368 securium,
708 2315 806 2353 aetas
844 2310 1020 2369 ensium,

296 2393 434 2447 (scuta
471 2390 787 2450 diffinduntur),

295 2479 394 2518 aetas
431 2479 628 2530 ventosa,
666 2479 764 2517 aetas
802 2473 947 2530 serina,

293 2560 518 2615 antequam
554 2554 734 2598 mundus
771 2559 951 2598 corruat.

33 2666 79 2688 en
105 2655 249 2698 (engw)
275 2657 372 2689 maor
394 2677 438 2680 —
466 2656 586 2703 ispi-vm
611 2656 751 2703 pyrrha.
789 2676 830 2681 —
864 2657 909 2700 ¹⁷)
933 2657 991 2690 sic
1014 2657 1129 2700 Req.,·
1156 2658 1281 2696 selina,
1309 2663 1392 2691 cett.

32 2735 79 2741 -—
110 2716 153 2759 ¹³]
179 2728 217 2749 oc
243 2729 281 2750 er
307 2719 393 2751 mein
421 2719 504 2762 synt
529 2724 699 2761 tudunum,
728 2720 766 2761 U,
793 2720 838 2755 11,
869 2738 906 2743 —-
940 2719 986 2763 ¹⁹)
1011 2720 1102 2763 Ray.
1119 2719 1257 2752 scribit
1281 2720 1389 2751 teckr.

126 2786 165 2829 a)
192 2786 278 2820 vide
301 2788 471 2831 Vfflospiz,
496 2793 564 2822 ειν.
596 2790 645 2823 11.
