1811 3256
91 200 138 244 C.
175 199 253 244 52.
503 219 561 249 nn
590 217 808 250 nicrioNE
834 218 1044 249 pomum.
1347 201 1442 248 449

221 340 375 384 Potens
412 339 600 385 Christus
636 339 839 384 mundum
873 339 1115 383 universum

222 419 376 464 creavit
411 426 453 464 et
487 422 633 465 Romae
669 422 807 465 aulam
842 420 1071 465 aedificavit.

89 524 181 568 Rex
209 524 431 583 coelorum,
467 530 515 568 ut
544 524 716 569 Markus
740 523 910 568 cecinit:

220 629 312 672 Rex
345 633 565 671 ventorum
599 626 793 671 domicilii
828 633 985 671 terram

224 714 267 752 et
301 708 426 752 coelos
459 707 700 768 probosque
736 708 925 752 homines
962 708 1129 752 creavit.

224 788 436 847 Christus7
472 794 612 833 rector
647 789 885 847 hominum>

224 870 335 914 solus
372 870 509 914 omnia
544 869 711 914 efficere
748 870 872 914 valet.

93 973 161 1019 Sic
188 973 335 1018 cecinit
359 973 514 1017 Eilivus
544 973 821 1018 Kulnasvein:

228 1078 372 1121 Coetus
410 1075 508 1120 aedis
544 1076 846 1136 procellarum,
883 1077 1068 1135 itemque

223 1157 437 1202 hominum
473 1156 696 1200 multitudo
732 1163 915 1201 sanctam
951 1170 1119 1200 crucem

224 1238 397 1298 supplex
431 1243 668 1281 veneratur.
738 1238 885 1282 Omnis
923 1251 1021 1281 vero
1057 1236 1133 1280 alia
1169 1250 1264 1281 vera

218 1318 350 1378 gloria
385 1317 461 1361 soli
494 1317 637 1362 Mariae
673 1318 758 1362 filio
795 1318 1008 1379 competit.

91 1421 219 1468 Filius
245 1421 413 1481 Mariae,
448 1427 497 1467 ut
521 1420 676 1467 Eilivus
702 1437 829 1482 porro
858 1421 1026 1466 cecinit:

221 1525 321 1570 Puri
355 1525 555 1569 coelorum
591 1525 791 1569 satellites
828 1526 1055 1585 gloriosum

223 1606 366 1651 Mariae
400 1606 529 1650 filium
564 1606 683 1666 proni
718 1614 985 1651 venerantur.

225 1689 317 1732 Rex
352 1686 566 1731 hominum
602 1702 743 1731 veram
777 1694 1030 1747 potestatem

227 1774 418 1824 exercet3
454 1768 521 1811 ille
557 1767 684 1812 homo
721 1767 910 1829 deusque
946 1774 1024 1812 est.

95 1875 185 1918 R-ex
213 1871 481 1931 angelorum,
517 1876 564 1914 ut
590 1870 745 1915 Eilivus
771 1886 897 1931 porro
925 1871 1096 1916 cecinit:

228 1975 390 2020 Eximia
425 1973 607 2034 potentia
644 1971 710 2016 dei
747 1974 865 2018 amici
898 1974 1163 2034 praestantior
1197 1981 1283 2034 est,

229 2072 353 2119 quam
390 2062 437 2100 ut
471 2055 659 2100 homines
695 2054 943 2114 cogitatione
979 2055 1334 2117 comprehendere

228 2137 403 2199 possint.
470 2137 637 2193 Verum*
664 2141 803 2180 tamen
837 2136 1055 2181 munificus
1090 2138 1335 2198 angelorum

228 2235 303 2264 rex
338 2233 414 2278 per
449 2217 584 2261 omnia
622 2217 803 2261 sanctior
838 2223 880 2262 et
915 2218 1178 2278 praestantior
1213 2225 1292 2264 est.

97 2418 256 2461 purior,
289 2416 336 2449 ad
366 2415 617 2447 intercalares
642 2410 889 2456 referendus,
915 2419 951 2447 et
974 2411 1010 2449 τᾶ
1038 2414 1125 2459 dy'rb
1151 2415 1194 2448 de
1217 2414 1260 2448 vi
1282 2415 1451 2449 miracu-

100 2481 184 2514 losa
210 2478 336 2511 crucis
362 2476 591 2510 sumendum.
615 2493 661 2498 —
688 2474 720 2516 ⁹)
744 2474 856 2517 vinnr,
884 2476 943 2518 id„
970 2478 1023 2518 W,
1049 2478 1143 2519 756,
1169 2477 1266 2518 7483
1290 2486 1380 2519 verr,
1411 2477 1451 2509 U.

97 2559 143 2564 —
166 2539 218 2583 ¹⁰)
233 2539 291 2572 sic
305 2538 408 2581 Ray„
439 2537 493 2578 ΠΥ,
520 2536 611 2577 756,
637 2542 837 2578 apocopam
861 2546 905 2580 r3
931 2538 1103 2580 mildingr,
1131 2539 1196 2580 id„
1224 2539 1263 2579 U,
1278 2537 1368 2580 748,
1383 2537 1453 2581 Ηβ.

98 2619 144 2626 --
173 2601 215 2644 ¹¹)
241 2600 315 2633 Hic
340 2598 481 2631 desinit
505 2597 675 2629 ultimum
693 2597 996 2641 fraym.membr.
1022 2600 1114 2635 756.
1138 2617 1184 2624 —-
1213 2597 1259 2642 12)
1285 2600 1342 2642 ok,
1369 2597 1452 2630 add.

99 2672 252 2706 perper.
277 2661 368 2703 Περ.
396 2680 437 2683 —
459 2658 506 2700 ¹³)
521 2658 641 2699 Minui,
669 2659 706 2693 U.
731 2679 771 2683 -—
801 2659 847 2702 ¹⁴¹)
866 2660 924 2693 sic
947 2662 998 2702 W,
1022 2660 1112 2701 748,
1134 2661 1204 2705 Ηβ,
1226 2659 1291 2692 sk.
1309 2659 1452 2699 'Phor-L,

99 2724 126 2756 i.
153 2733 182 2755 e.
209 2723 332 2756 sancti
358 2721 521 2762 alicujus
547 2719 730 2762 laomini83
768 2721 899 2764 vinum,
929 2722 974 2760 05
999 2732 1116 2764 sonar,
1141 2722 1250 2765 Rea,
1274 2729 1393 2764 prave
1418 2720 1451 2752 h.

102 2786 126 2816 l.
154 2784 195 2816 ob
222 2783 426 2826 sequentia.

1148 2843 1193 2875 29
