1811 3256
106 180 154 224 C.
190 175 365 226 48-49.
509 195 569 227 nn
594 195 812 229 menone
839 193 1048 227 pomam.
1360 175 1449 220 421

104 316 186 371 Sic,
222 321 270 361 ut
304 315 383 361 hoc
418 316 533 362 loco:

299 398 548 442 Mucronum
585 396 781 457 strepitus
817 393 1057 440 concitatori

299 492 512 539 opponere
548 478 773 524 funiculum
811 476 910 521 retis
946 475 1146 535 gladialis.

101 560 207 603 Item
242 559 343 604 hoe:

297 641 454 685 Hostes
491 639 684 700 principis
720 636 798 683 sub
834 653 995 698 ungues
1035 638 1182 699 aquilae

298 720 609 766 succubuerunt
641 721 681 765 in
717 719 891 780 strepitu
930 719 1148 764 Gondulae.

163 799 243 848 49.
312 803 443 847 Arma
472 808 515 846 et
541 808 784 860 tegumenta
811 800 1000 844 militaria
1028 800 1330 846 denominanda
1357 808 1454 846 sunt

98 897 121 927 a
140 899 302 943 pugna,
341 882 501 941 Odine,
538 882 718 927 Bellonis
747 888 789 926 et
816 881 972 940 regulis
992 881 1290 941 bellatoribus,
1328 883 1381 927 ita
1406 889 1453 927 ut

96 964 226 1022 galeae
246 963 508 1023 appellentur
525 970 711 1022 tegmen,
732 963 862 1023 pileus
883 968 953 1007 aut
972 963 1150 1023 calyptra
1163 978 1174 1021 3
1210 963 1332 1007 lorica
1352 978 1451 1007 vero

97 1045 234 1088 tunica
264 1051 337 1088 aut
365 1043 597 1088 indusium:
633 1044 800 1104 clypeus
829 1050 969 1087 autem
995 1044 1154 1100 velum;
1198 1043 1451 1104 testudoque

96 1124 338 1185 clypeorum
366 1125 599 1185 appellatur
626 1124 736 1181 aula,
776 1124 967 1182 lacunar,
1003 1124 1139 1184 paries
1169 1124 1451 1182 (tabulatum)

97 1211 139 1249 et
158 1203 393 1249 cubiculum
416 1204 673 1264 (conclave).
722 1204 863 1265 Clypei
886 1220 907 1248 a
927 1205 1098 1250 navibus
1119 1205 1277 1261 bellicis
1296 1207 1349 1249 ita
1370 1205 1450 1249 de-

94 1285 375 1344 nominantur,
388 1292 435 1330 ut
457 1285 720 1346 appellentur
730 1285 791 1329 sol
804 1291 875 1329 aut
893 1286 1001 1343 luna,
1016 1292 1086 1330 aut
1100 1286 1257 1345 solium,
1277 1292 1348 1330 aut
1365 1286 1451 1330 sul-

93 1382 171 1427 gor
189 1373 260 1411 aut
278 1367 414 1427 paries
435 1365 611 1426 (agger)
643 1366 770 1410 navis.
839 1366 1086 1427 Appellatur
1111 1374 1153 1412 et
1178 1368 1345 1428 clypeus
1370 1383 1451 1412 na-

95 1447 247 1507 vigium
266 1448 362 1508 Ulli,
400 1454 472 1492 aut
494 1447 786 1492 denominatur
813 1463 834 1491 a
865 1447 1040 1508 pedibus
1060 1449 1342 1508 Hrungneris,
1379 1448 1451 1510 qui

93 1529 235 1590 clypeo
263 1529 423 1573 institit.
493 1528 736 1589 Antiquitus
764 1544 853 1573 mos
885 1528 983 1588 suit,
1021 1535 1067 1573 ut
1093 1529 1131 1573 in
1157 1529 1310 1590 clypeis
1338 1529 1450 1574 orbis

92 1609 349 1670 pingeretur,
387 1609 564 1655 circulus
585 1608 733 1669 dietus,
771 1625 793 1654 a
822 1625 906 1671 quo
925 1609 1077 1654 circulo
1098 1610 1226 1671 clypei
1255 1610 1452 1655 denomi-

92 1697 258 1736 nantur.
329 1691 445 1750 Tela,
483 1690 635 1751 quibus
672 1691 809 1734 caesim
835 1706 901 1734 res
922 1691 1097 1750 geritur,
1134 1692 1260 1735 veluti
1281 1707 1449 1735 secures

92 1777 136 1816 et
154 1786 300 1831 enses,
331 1772 590 1831 appellantur
608 1771 723 1831 ignes
744 1771 955 1830 sanguinis
978 1777 1048 1815 aut
1063 1772 1304 1830 vulnerum3
1327 1788 1448 1816 enses

91 1859 295 1897 vocantur
315 1852 429 1912 ignes
445 1851 607 1910 Odinis,
629 1867 797 1896 secures
818 1867 914 1895 vero
934 1851 1170 1896 nominibus
1192 1852 1450 1912 gigantidum

92 1934 366 1994 appellantur,
400 1939 441 1976 et
460 1948 482 1976 a
502 1932 703 1992 sanguine
724 1938 793 1976 aut
812 1932 1070 1992 vulneribus,
1092 1950 1113 1977 a
1135 1934 1243 1994 sylva
1264 1940 1334 1978 aut
1353 1950 1450 1977 ma-

91 2015 195 2060 teria
224 2015 559 2059 denominantur.
627 2014 743 2073 Tela,
789 2013 940 2074 quibus
970 2015 1151 2074 punctim
1179 2031 1247 2059 res
1274 2015 1448 2074 geritur,

90 2097 187 2141 satis
208 2104 302 2156 apte
323 2095 644 2139 denominantur
663 2110 685 2138 a
705 2095 967 2155 serpentibus
989 2102 1060 2140 aut
1079 2095 1277 2156 piscibus.
1348 2096 1449 2140 Tela

88 2177 258 2222 missilia
279 2177 365 2221 sere
386 2175 708 2220 denominantur
736 2192 758 2220 a
778 2176 980 2235 grandine
1012 2183 1084 2221 aut
1103 2176 1243 2221 nimbo
1265 2183 1335 2221 aut
1354 2183 1449 2221 tur-

88 2258 184 2303 bida
213 2264 477 2318 tempestate.
562 2258 667 2311 Quae
704 2257 876 2316 singula}
915 2256 1271 2302 denominationes
1309 2259 1448 2302 multis

89 2418 158 2440 om.
176 2407 254 2451 lest.
278 2426 323 2430 —
353 2407 403 2450 ¹⁴)
419 2407 508 2439 Haec
525 2406 561 2438 ΙΙ
584 2407 697 2438 „culto
722 2407 928 2448 posterius,
955 2408 1002 2439 ad
1027 2408 1138 2448 finem
1164 2418 1342 2440 versuum
1369 2418 1445 2440 me-

88 2469 326 2509 morialium,
363 2470 425 2511 qui
451 2467 570 2511 clypei
596 2468 916 2501 denominationes
943 2474 1163 2512 recensent,
1198 2470 1357 2511 ἐπείη-ῆς
1384 2482 1404 2501 α
1432 2469 1449 2511 [

89 2530 294 2562 skiolldrinn
322 2531 443 2571 kend1·‚
471 2531 548 2574 lep'.
598 2529 710 2561 Recte
736 2540 776 2562 se
802 2530 939 2562 habere
965 2531 1162 2563 lectionem
1192 2530 1386 2574 Cod.13e9.
1415 2538 1449 2564 et

90 2592 390 2633 11'0r112.judico,
418 2592 531 2624 aliter
556 2591 739 2623 sentiente
757 2591 976 2634 &Mttynceo
1004 2592 1041 2623 in
1070 2592 1164 2632 Egils
1190 2603 1220 2625 s.
1254 2593 1354 2625 l'ers.
1383 2596 1444 2624 (al.

86 2664 171 2695 paq.
200 2655 288 2686 697.
316 2660 391 2686 not.
420 2657 457 2697 5,
487 2654 568 2686 coll.
594 2653 689 2687 356.
715 2658 779 2685 not
817 2665 850 2695 α,
878 2658 912 2685 et
937 2654 1020 2685 Eds!
1045 2653 1153 2686 Scem.
1183 2656 1222 2686 Τ.
1239 2655 1264 2688 1,
1292 2666 1328 2697 p.
1344 2656 1437 2688 2815.

87 2720 163 2746 not.
194 2726 236 2752 a,
270 2716 332 2748 nbi
358 2716 417 2747 laic
444 2717 549 2748 locus
588 2715 739 2747 citatur.
772 2735 815 2738 »ἡ
855 2715 903 2758 15)
931 2726 1029 2751 exar,
1058 2716 1209 2757 ubique,
1242 2716 1303 2757 W,-
1342 2718 1446 2753 ὕων,

90 2777 185 2818 756,
212 2786 368 2820 semper.
396 2796 435 2799 -ss
470 2776 516 2819 ¹⁶)
542 2775 664 2814 beina,
693 2778 785 2810 ⁷56.
811 2796 854 2801 *-
886 2777 934 2818 ¹⁷)
962 2777 1044 2817 goir,
1075 2778 1111 2809 ll.
