1811 3256
122 211 170 256 C.
207 210 284 256 50.
531 228 591 259 DE
619 228 832 260 nic'rioxss
859 226 1064 259 pomam.
1374 209 1470 256 439

253 349 505 409 procedere7
545 350 680 409 potius
717 365 839 409 quam
877 348 1012 393 Hildae

253 429 415 475 fallaces
452 431 625 475 annulos
662 430 864 490 accipere.

251 551 356 594 Eam
392 566 574 611 pugnam
611 551 649 594 in
685 550 892 594 Svolneris

253 632 392 690 palatii
427 648 596 676 nummo
632 646 887 690 cognoscere
923 631 1017 675 licet

252 711 392 769 (dedit
426 713 524 757 mihi
559 712 699 756 rhedae
734 712 916 772 piratica}
952 713 1090 757 lunam

254 793 445 852 Ragnar)
481 800 523 837 et
558 796 712 837 multas
748 808 815 838 res
852 792 1160 838 memorabiles.

252 914 394 974 Atque
431 913 578 958 semina
615 914 712 958 artis
749 914 918 973 magicae
954 915 1101 974 perita,

253 1010 346 1055 quae
381 1010 448 1038 res
485 994 711 1039 muliebres
750 995 981 1039 liberaliter

254 1074 554 1133 distribuebat,
593 1075 728 1118 loricae
764 1075 1018 1134 gigantidem

254 1155 454 1213 gestantis
490 1155 657 1198 nomine
693 1155 732 1198 in
770 1155 901 1199 insula
938 1156 1129 1201 curabat.

253 1237 478 1281 Universus
516 1237 722 1280 exercitus
759 1236 923 1280 navium

251 1317 452 1368 rectoris„
489 1317 670 1361 immotis
706 1317 919 1376 Hjarandii
959 1318 1107 1362 tabulis

253 1406 412 1456 tectus,
450 1399 509 1442 ira
545 1398 735 1443 incitatus
773 1413 794 1442 a
832 1399 956 1443 celeri
993 1415 1102 1460 equo

253 1480 459 1525 Reifneris
496 1480 700 1524 curriculo
738 1480 988 1539 properavit.

120 1584 317 1629 Proelium
337 1590 401 1628 est
426 1589 653 1643 tempestas
676 1582 839 1641 Odinis7
869 1590 914 1627 ut
934 1591 1027 1628 ante
1070 1585 1268 1645 scriptum
1290 1592 1366 1629 cst.
1414 1585 1483 1629 Sic

122 1664 267 1708 cecinit
287 1665 461 1709 Glumus
482 1663 708 1708 homicida:

256 1761 369 1805 Olim
407 1776 510 1820 ogo⁷
547 1776 664 1805 more
701 1760 993 1821 dynastarum7
1032 1760 1276 1821 occupando

255 1841 360 1899 feci,
396 1847 443 1885 ut
477 1841 576 1885 mihi
611 1856 709 1885 rura
744 1841 785 1885 in
821 1857 967 1886 manus
1004 1842 1215 1900 venirent3

256 1922 373 1981 cujus
409 1923 469 1966 rei
506 1922 613 1966 sama
648 1922 862 1967 serebatur
894 1922 1002 1967 inter

258 2003 462 2047 columina
497 2003 620 2061 virgae
654 2003 914 2062 tempestatis
952 2002 1132 2049 Odiniae.

123 2109 217 2153 Hoc
235 2107 326 2152 loco
345 2106 536 2166 proelium
563 2106 793 2166 appellatur
812 2113 1038 2166 tempestas
1058 2106 1244 2152 Vidreris
1265 2107 1484 2168 (Odinis)⁷

125 2189 236 2233 ensis
256 2203 354 2232 vero
375 2188 487 2246 virga
515 2187 671 2247 proelii3
709 2187 781 2231 viri
808 2194 946 2232 autem
967 2188 1172 2233 columina
1198 2189 1323 2234 ensis.
1392 2191 1486 2235 Hoc

126 2270 219 2314 loco
249 2275 291 2313 et
320 2268 451 2329 proelii
482 2275 524 2311 et
559 2283 770 2312 armorum
797 2268 997 2313 vocabula
1025 2269 1077 2314 ad
1103 2269 1485 2315 denominationem

125 2376 259 2418 accipi,
286 2380 327 2407 ut
352 2375 582 2417 apostrophe
608 2375 655 2406 ad
680 2375 867 2407 lectorem.
903 2375 1046 2409 Der-ivo
1073 2381 1196 2409 autem
1221 2376 1351 2410 raofilfr
1377 2389 1399 2409 a
1425 2377 1485 2410 rao

126 2438 229 2479 (qen.
255 2435 387 2478 rabar),
413 2436 536 2470 navis.
564 2454 610 2459 —
638 2434 670 2477 Β)
695 2435 754 2467 sic
783 2435 845 2477 W,
873 2438 974 2479 7563
1001 2438 1047 2478 of,
1073 2437 1178 2480 Ray„
1204 2438 1300 2480 quod
1322 2438 1424 2480 force
1450 2439 1485 2471 Ιι.

127 2499 154 2532 l.
179 2498 277 2530 idem
302 2498 414 2529 valet.
450 2515 492 2518 —
534 2494 570 2537 ⁹)
602 2494 689 2527 Vide
714 2497 802 2530 hist.
835 2498 1061 2541 Viyaylumi,
1097 2498 1187 2542 Cap.
1211 2499 1297 2539 26„
1333 2504 1403 2532 atr.
1432 2499 1485 2538 1.,

126 2558 192 2590 ubi
216 2558 366 2600 inteyra
392 2557 548 2599 stropha
574 2562 724 2590 servata
750 2564 818 2591 est.
851 2578 895 2583 -—-
934 2560 982 2603 ¹0)
1014 2561 1072 2593 sic
1098 2566 1202 2602 σατις
1238 2561 1310 2601 ier,
1345 2561 1483 2601 mend„

126 2619 218 2662 Περ,
245 2637 289 2643 —-
321 2618 364 2662 ¹¹)
390 2619 447 2651 sic
460 2619 564 2660 Ray„
594 2618 639 2659 U3
667 2619 778 2659 landa,
810 2621 865 2662 W,
892 2622 987 2663 756,
1015 2621 1107 2653 748.
1132 2641 1177 2645 —
1204 2619 1251 2664 ¹²)
1277 2621 1406 2661 konub,
1434 2622 1485 2661 W,

129 2680 224 2722 756,
252 2680 342 2713 748.
367 2698 414 2703 —
445 2679 490 2721 ¹³)
516 2691 656 2720 marim,
684 2682 734 2720 W,
760 2682 852 2719 756,
880 2682 971 2715 748.
1000 2702 1041 2706 ——
1069 2681 1116 2725 Η)
1144 2683 1325 2726 (chaldim
1353 2693 1399 2715 ea:
1430 2682 1485 2720 ΙΨ,

131 2741 231 2782 756,
265 2740 366 2783 748,
393 2741 438 2781 U,
471 2751 555 2774 nam
580 2742 619 2774 in
646 2741 734 2784 Ray,
761 2743 992 2776 exciderunt.

223 2801 262 2842 a)
289 2802 367 2834 vide
393 2814 493 2845 supi-a
521 2814 595 2845 pag.
622 2803 698 2836 416.
