1811 3256
77 205 124 249 C.
163 204 240 249 53.
494 223 552 255 nn
580 223 796 256 nicrioxss
824 225 1032 259 possrxca.
1341 212 1436 260 463

74 343 312 405 Appellavit
332 343 549 405 dynastam
569 361 711 391 verum
731 347 843 407 regis
857 349 1178 409 exploratorem,
1199 349 1434 412 intelligens

74 424 296 469 Hakonem
333 425 566 486 dynastam,
603 427 735 472 filium
771 427 938 488 Sigurdi
969 429 1171 491 dynastae.
1234 431 1317 494 Sic]
1337 449 1436 479 vero

74 504 328 550 Thiodolvus
351 506 402 551 de
421 506 607 552 Haraldo
628 508 798 553 cecinit:

208 587 368 631 Crescit
405 588 523 633 Olavi
558 589 663 648 patri

205 668 440 712 ferreorum
476 670 728 729 spiculorum
768 676 1012 730 tempestas,

206 745 402 808 quae'libet
436 749 685 794 fortitudinis
720 749 995 810 documenta,

206 845 299 890 quae
335 830 505 875 laudum
541 832 755 892 praeconiis
791 831 913 892 digna
949 834 1044 879 sint.

72 918 179 962 Item
217 918 297 963 sic:

205 999 446 1044 Jarisleivus
482 999 813 1045 animadvertere
849 1003 1008 1063 potuit,

204 1095 256 1124 an
292 1081 402 1140 regis
441 1081 601 1125 animus
638 1082 860 1126 vacillaret.

208 1161 353 1205 Crevit
386 1162 519 1220 gloria
554 1162 683 1207 frater

204 1241 339 1302 inclyti
377 1242 509 1287 sancti
547 1243 675 1303 regis.

70 1335 187 1383 Idem
216 1352 343 1398 porro
371 1338 540 1384 cecinit:

203 1419 397 1463 Mortuus
434 1426 521 1477 est,
559 1421 629 1481 qui

201 1514 348 1545 omnes
384 1501 639 1559 antecelluit,

203 1581 433 1642 principum
469 1588 670 1642 cognatus

201 1662 374 1707 Haraldi
410 1679 460 1708 ex
496 1665 623 1709 fratre
660 1678 807 1724 nepos·

72 1758 140 1803 Sic
160 1758 285 1803 etiam
312 1759 460 1803 cecinit
478 1759 619 1804 Arnor
638 1760 678 1804 in
699 1758 888 1803 encomio
907 1755 1159 1816 Rognvaldi:

188 1840 399 1899 Cognatus
434 1840 670 1899 bellatoris,
707 1839 848 1901 populi
885 1837 1113 1883 commodis

201 1920 454 1980 inserviens,
493 1937 658 1967 mecum
695 1918 1045 1966 necessitudinem
1075 1918 1225 1979 junxit.

204 2002 312 2056 Quae
348 2002 468 2047 firma
503 2019 597 2048 cum
633 2003 806 2064 dynasta
841 1999 1031 2045 adfinitas

204 2082 300 2127 inde
335 2084 433 2128 mihi
471 2084 645 2144 gloriam
682 2081 924 2128 conciliavit.

68 2179 211 2241 Atque
231 2194 372 2239 porr0,
400 2186 448 2224 ut
465 2179 576 2224 idem
595 2179 647 2224 de
667 2178 894 2224 Thorfinno
914 2176 1086 2238 dynasta
1105 2176 1275 2223 cecinit:

205 2261 372 2305 Tenues
408 2260 531 2320 gladii
564 2260 761 2305 robustos
796 2261 947 2307 milites

202 2341 474 2386 vulnerabant
508 2341 560 2386 ab
596 2343 768 2402 regione
803 2344 941 2388 Monae

201 2422 241 2466 in
276 2423 493 2467 meridiem
529 2439 668 2483 versa,
704 2424 774 2469 ubi
810 2431 883 2482 tu,
921 2423 1043 2484 prisci

201 2503 432 2566 Rognvaldi
469 2505 714 2565 progenies,
752 2505 830 2550 sub
867 2506 1018 2566 clypeis
1055 2504 1187 2550 ruisti.

69 2682 98 2714 r,
124 2676 166 2703 ut
189 2672 342 2713 saepius.
375 2690 420 2695 —-
442 2671 477 2714 ⁷)
503 2672 613 2711 stoi-r,
641 2672 680 2704 U.
710 2690 756 2696 —
783 2671 815 2715 ε3)
842 2673 909 2715 on,
934 2675 986 2708 W.
1011 2693 1056 2697 —
1085 2672 1117 2714 ι3)
1144 2675 1197 2713 at,
1230 2672 1270 2705 U.
1296 2689 1341 2695 —-
1371 2670 1420 2712 ¹⁰)

68 2730 192 2777 bvi-ov,
221 2734 280 2775 W3
306 2732 418 2779 bui-bi,
449 2734 484 2765 U.
510 2751 554 2756 —
586 2731 633 2775 ¹¹)
649 2744 700 2776 en,
729 2734 773 2774 U;
800 2735 844 2766 ok
870 2736 1004 2769 maluit
1028 2734 1142 2768 Rask.
1178 2751 1222 2757 -
1253 2730 1296 2775 ¹²)
1323 2742 1419 2764 ram-

70 2794 144 2836 ligt,
171 2794 283 2837 sinq„
312 2795 350 2830 U.
375 2813 419 2819 -—
450 2794 499 2837 ¹³)
527 2794 584 2827 sic
609 2795 711 2840 1109„
741 2797 794 2840 W,
823 2798 860 2831 U.
