1811 3256
83 230 132 272 C.
170 223 246 271 64.
497 244 554 274 ΒΕ
584 244 796 276 oic'rioxn
822 244 1028 276 pomum.
1059 284 1064 289 θ
1340 228 1434 275 517

81 362 362 423 Maermyr,
402 373 446 409 ut
473 367 719 410 Hallvardus
745 366 914 410 cecinit:

211 447 306 490 Non
343 453 406 490 est
441 446 518 491 sub
556 447 729 507 imperio
765 446 916 490 domini

211 528 508 572 monachorum
546 535 668 572 terrae
702 543 774 571 rex
811 527 978 572 illustris

213 615 255 652 te
290 610 422 667 magis
459 616 668 653 strenuus.
738 610 911 653 Fractor

211 689 287 733 soli
323 689 548 750 serpentini
581 691 722 733 Danos
759 696 915 734 tuetur.

79 782 373 844 andrelcz‘7
411 792 458 829 ut
486 785 738 829 Thiodolvus
769 785 938 829 cecinit:

210 866 318 911 Vitia
354 866 516 925 fugiens
551 866 777 926 imperator
812 873 933 910 terrae

212 947 389 991 lucidam
424 947 567 991 Krakii
604 954 792 1005 segetem
830 947 1062 1006 profundit,

78 1035 124 1073 ut
142 1035 263 1073 antea
283 1028 481 1088 seriptum
501 1035 578 1072 est.
650 1028 751 1072 Ideo
773 1045 829 1072 sie
847 1036 1031 1087 vocatur,
1069 1028 1181 1090 quod
1203 1031 1431 1076 exereitum

79 1117 151 1154 aut
186 1125 261 1169 per
295 1116 448 1153 terram
485 1110 657 1153 aliorum
694 1124 839 1168 regum
867 1110 972 1168 agit,
1024 1117 1095 1155 aut
1132 1126 1154 1155 e
1191 1127 1267 1156 suo
1299 1128 1431 1172 regno

79 1192 259 1252 expellit.

210 1274 299 1317 Rex
318 1271 550 1315 nominatus
572 1278 635 1314 est
655 1270 829 1315 Halfdan
857 1272 1032 1331 priscus,
1062 1273 1131 1333 qui
1152 1261 1336 1317 omnium
1358 1290 1431 1318 re-

76 1370 173 1414 gum
193 1353 268 1398 fuit
287 1352 671 1397 excellentissimus.
742 1354 778 1396 ls
806 1352 941 1396 media
970 1353 1105 1398 hieme
1134 1370 1286 1414 magno
1306 1355 1431 1399 insti-

76 1442 166 1480 tuto
193 1433 408 1493 sacrificio,
447 1432 522 1477 diis
549 1434 804 1491 sacrificauit⁷
843 1440 889 1477 ut
917 1434 954 1477 in
982 1435 1097 1493 regia
1118 1451 1199 1496 qua
1226 1436 1433 1496 gauderet

76 1513 274 1573 dignitate
310 1520 519 1559 trecentos
566 1530 694 1559 annos
738 1502 911 1559 'viveret
998 1518 1061 1560 Ea
1096 1532 1194 1561 vero
1230 1533 1430 1577 responsa

76 1596 182 1655 tulit,
220 1611 303 1640 non
324 1596 498 1656 amplius
518 1612 642 1657 quam
661 1596 893 1655 longiorem
913 1597 1088 1641 hominis
1108 1604 1274 1643 aetatem
1293 1599 1431 1643 victu-

74 1693 182 1736 rum,
219 1678 381 1721 futuros
403 1693 498 1721 vero
531 1692 660 1721 annos
690 1684 914 1733 trecentos,
953 1676 1103 1737 quibus
1123 1694 1259 1739 neque
1279 1679 1429 1723 femina

74 1773 211 1818 neque
227 1758 290 1801 vir
307 1757 496 1817 ignobilis
517 1758 556 1801 in
584 1758 672 1816 ejus
692 1758 840 1801 familia
870 1758 1014 1802 orituri
1042 1766 1197 1803 essent.
1234 1758 1351 1803 Idem
1370 1761 1432 1804 rei

74 1838 232 1883 bellieae
260 1837 484 1882 admodum
511 1836 676 1882 deditus
706 1845 819 1897 erat,
856 1839 1069 1899 multaque
1098 1840 1187 1884 loca
1213 1841 1430 1899 regionum

75 1920 337 1964 orientalium
374 1918 490 1963 obiit.
561 1917 624 1962 Ibi
660 1934 820 1978 regem„
859 1919 1127 1980 Sigtryggum
1155 1921 1429 1982 nominatum,

75 2000 273 2060 singulari
300 1999 525 2044 certamine
545 1999 763 2044 interfecit.
835 2002 941 2045 Tum
968 2001 1157 2061 Alvigam
1188 2001 1339 2047 dietam
1358 2019 1431 2048 sa-

75 2083 272 2143 pientem,
310 2082 435 2125 filiam
468 2080 577 2139 regis
605 2081 786 2125 Emundi
814 2097 863 2126 ex
890 2082 1178 2141 Holmgardia,
1214 2083 1253 2128 in
1280 2085 1431 2129 matri-

74 2163 260 2206 monium
280 2162 410 2206 duxit,
480 2162 535 2205 Hi
556 2161 837 2222 duodeviginti
858 2163 963 2208 filios
983 2171 1281 2224 procrearunt,
1319 2182 1432 2226 quo-

75 2260 167 2288 rum
194 2243 343 2288 noveni
380 2244 501 2288 simul
536 2244 663 2303 geniti
695 2250 807 2301 sunt,
845 2244 902 2288 sie
938 2245 1161 2290 nominati:
1198 2263 1305 2292 unus
1342 2254 1433 2292 erat

73 2321 313 2386 pen-qim
352 2325 485 2369 dietus
521 2325 932 2385 mannafienyill‚
972 2327 1078 2371 alter
1110 2324 1302 2388 Rcesir,
1339 2336 1432 2373 ter-

74 2407 154 2451 tius
193 2404 399 2466 Gramr,
437 2413 609 2467 quartus
647 2403 799 2467 Gylfi,
837 2407 1004 2468 quintus
1041 2405 1251 2470 Hilmir,
1289 2418 1431 2455 sextus

74 2575 165 2618 Req.
193 2575 426 2619 discerptum
453 2580 531 2614 est,
570 2574 643 2616 cfr,
668 2585 786 2618 supra
810 2587 846 2619 p.
874 2577 984 2620 509,
1020 2583 1096 2610 not.
1121 2579 1181 2611 21·
1208 2597 1251 2602 -
1283 2578 1322 2622 io)
1348 2578 1431 2624 pat,

75 2638 167 2677 757,
195 2637 272 2681 Ιεβ.
299 2656 343 2662 -
376 2637 419 2679 ¹¹]
447 2648 468 2668 α
493 2636 580 2678 [om.
598 2637 637 2668 U.
661 2655 705 2661 —
735 2636 781 2680 12)
806 2638 995 2681 Eyvindar,
1022 2639 1068 2673 H.
1094 2658 1139 2662 —
1166 2639 1214 2681 ¹3)
1240 2639 1317 2671 hins
1340 2640 1432 2679 rika,

76 2698 160 2730 add.
190 2699 261 2742 Ηβ.
287 2718 331 2721 -
362 2698 412 2740 ¹⁴)
440 2698 499 2730 liic
523 2697 660 2731 iterum
693 2699 830 2742 incipit
855 2701 932 2733 cod.
966 2701 1057 2743 Rey.
1092 2721 1131 2724 —
1172 2700 1222 2743 ¹⁵)
1257 2701 1312 2732 liin
1340 2701 1431 2740 rika,

76 2760 159 2794 add,
186 2759 276 2802 Ray.
294 2778 338 2783 —
365 2760 413 2801 ¹⁶)
442 2758 683 2804 iiiannpengill,
712 2762 895 2803 Wclzare.;
922 2773 943 2794 a
969 2761 1057 2804 [om.
1084 2763 1130 2804 H,
1158 2767 1192 2794 et
1217 2762 1333 2795 simul
1356 2772 1431 2793 ηιι-

77 2831 200 2854 meros
228 2832 355 2855 eorum
382 2822 444 2863 qui
469 2828 688 2864 sequantur.
714 2842 757 2847 —
788 2823 835 2867 ¹⁷)
863 2836 883 2857 α
910 2824 995 2865 [om.
1025 2825 1199 2864 Wclmrt„
1226 2823 1270 2854 H.
