1811 3256
109 218 156 262 C.
195 216 273 261 39.
518 235 578 266 DE
605 234 829 267 mc'rioxss
857 234 1062 266 remim.
1365 219 1458 265 355

105 356 361 417 prehensum
380 356 533 415 eo'e'git,
570 371 692 400 omne
713 370 875 413 aurum,
903 354 1015 414 quod
1034 356 1072 399 in
1093 371 1216 401 saxea
1244 357 1367 402 domo
1387 376 1459 403 sua

106 436 355 496 possideret,
383 436 474 481 vitae
493 436 746 480 redimendae
766 435 895 494 gratia
915 436 1168 496 expendere.
1225 440 1365 492 Quum
1386 456 1457 484 sa-

104 533 224 561 xeam
245 517 413 561 domum
433 517 669 576 intrassent,
707 532 838 560 nanus
858 531 980 560 omne
1000 517 1113 577 quod
1133 519 1169 562 ei
1190 526 1277 564 erat
1296 536 1458 575 aurum,

104 598 316 657 ingentem
336 599 519 658 pecuniae
538 598 634 656 vim,
654 597 840 658 protulit.
879 599 1018 651 Quem
1040 613 1168 657 quum
1187 601 1342 646 Lokius
1363 603 1458 645 ani-

104 679 385 723 madverteret
404 680 618 739 parvulum
632 678 828 722 annulum
846 694 1020 723 aureum
1041 680 1114 724 alae
1131 696 1216 725 suae
1235 682 1456 741 subjicere„

104 760 270 804 tradere
290 761 397 805 hune
412 761 550 820 jussit.
619 762 760 805 Nanus
790 775 925 818 orare,
963 776 1014 804 ne
1034 761 1142 805 hune
1163 764 1360 807 annulum
1382 764 1457 808 sibi

105 841 301 901 eriperet,
338 841 596 900 significans,
635 856 696 899 se,
734 841 765 884 si
793 841 1007 899 retineret,
1045 858 1168 901 posse
1196 859 1243 887 ex
1271 845 1348 888 hoe
1375 861 1456 888 an-

103 922 201 965 nulo
222 922 504 966 accessionem
524 921 600 966 sibi
629 923 764 966 facere
784 922 982 982 peeuniae.
1051 923 1206 968 Lokius
1226 924 1454 981 declarans,

104 1002 141 1046 ei
160 1017 211 1046 ne
230 1018 359 1046 unum
379 1003 545 1063 quidem
565 1004 781 1047 numulum
808 1004 1015 1063 reliquum
1045 1003 1148 1055 fore,
1186 1020 1282 1049 eum
1302 1008 1454 1051 annulo

104 1083 291 1143 spoliavit
325 1089 450 1144 atque
488 1084 604 1143 exiit,
643 1084 910 1128 denuntiante
946 1100 1076 1133 nano,
1114 1085 1221 1129 hune
1256 1088 1454 1131 annulum

103 1164 270 1224 cuique,
307 1164 375 1223 qui
396 1181 492 1208 eum
512 1166 758 1224 possideret,
797 1165 956 1224 capitali
977 1165 1099 1208 exitio
1121 1166 1223 1210 sore.
1294 1168 1452 1212 Lokius

103 1245 180 1289 ista
200 1244 275 1289 sibi
307 1245 416 1289 bene
448 1246 612 1305 placere
643 1245 897 1304 significavit,
935 1245 1105 1304 addens,
1143 1263 1187 1291 se
1208 1247 1293 1291 haee
1311 1247 1452 1306 verba,

101 1342 185 1387 quo
204 1326 333 1385 magis
352 1332 440 1369 rata
460 1326 625 1384 fierent,
659 1325 710 1369 ad
730 1341 851 1370 aures
871 1325 978 1385 ejus,
1006 1327 1073 1388 qui
1094 1343 1187 1372 mox
1209 1336 1452 1389 accepturus

101 1408 298 1451 annulum
327 1413 451 1465 esset,
488 1407 759 1466 perlaturum.
829 1409 1037 1453 Reversus
1065 1409 1115 1453 ad
1143 1409 1450 1469 Hreidmarem,

101 1503 248 1533 aurum
269 1488 395 1534 Odini
415 1488 619 1546 ostendit,
657 1489 725 1548 qui
755 1489 964 1548 conspecti
992 1491 1128 1534 annuli
1149 1491 1451 1550 pulchritudine

101 1577 259 1629 captus,
297 1585 393 1614 eum
413 1569 463 1613 de
483 1570 654 1629 pecunia
675 1570 844 1627 exemit,
882 1570 1087 1631 reliquum
1110 1572 1197 1615 auri
1216 1572 1452 1617 Hreidmari

98 1650 308 1710 pependit.
327 1650 406 1694 Hie
419 1665 548 1709 quum
561 1652 709 1711 pellem
724 1652 841 1695 lutrae
853 1667 978 1712 quam
989 1652 1122 1712 potuit
1135 1652 1311 1697 maxime
1330 1668 1450 1699 eom-

100 1731 271 1792 plesset,
309 1732 640 1792 eompletamque
667 1732 892 1790 erexisset,
928 1733 1100 1777 accessit
1127 1733 1262 1792 Odin,
1299 1735 1449 1794 pellem

99 1828 201 1856 auro
220 1817 509 1869 contecturu53
530 1828 612 1873 quo
632 1814 738 1857 facto
750 1813 1042 1857 Hreidmarem
1062 1813 1262 1874 inspicere
1283 1816 1450 1875 pellem,

100 1908 150 1937 an
169 1899 254 1936 tota
276 1899 388 1937 esset
406 1899 609 1951 contecta,
627 1893 762 1952 jussit.
810 1894 1033 1954 Inspieiens
1051 1894 1290 1955 Hreidmar,
1320 1913 1450 1957 quum

100 1974 282 2018 animum
304 1974 525 2033 diligenter
543 1975 802 2031 advertisset,
823 1975 920 2020 vidit
938 1992 1067 2020 unum
1086 1976 1212 2036 pilum
1226 1976 1447 2029 labiorum,

100 2070 226 2116 quem
263 2055 426 2114 contegi
457 2055 593 2115 jussit,
632 2056 810 2116 alioquin
846 2072 992 2101 eorum
1024 2057 1295 2117 pacificationi
1324 2058 1448 2102 finem

96 2136 296 2180 futurum.
366 2137 511 2196 Itaque
536 2136 690 2200 promit
708 2136 820 2181 Odin
840 2139 1060 2197 annulum,
1098 2139 1225 2198 pilum
1245 2139 1448 2184 labiorum

98 2217 302 2277 contegit,
340 2217 536 2277 ipsosque
555 2219 682 2262 multa
701 2234 775 2278 pro
792 2218 907 2262 effide
927 2219 1043 2277 lutrae
1062 2226 1151 2264 tum
1171 2236 1351 2281 expensa
1372 2237 1448 2265 so-

97 2298 204 2343 lutos
225 2313 317 2343 esse
338 2298 533 2342 declarat.
573 2300 714 2352 Quum
733 2315 829 2343 vero
850 2299 961 2345 Odin
982 2301 1157 2360 hastam,
1183 2302 1337 2346 Lokius
1357 2303 1447 2346 cal-

97 2394 194 2423 ceos
216 2395 314 2424 suos
333 2380 576 2439 recepisset,
614 2394 750 2439 neque
770 2388 882 2424 esset
901 2397 975 2425 cur
993 2389 1254 2427 metuerent:
1291 2383 1447 2427 Lokius

97 2459 203 2504 dieta
215 2460 510 2505 Andvariirata
530 2459 768 2518 essejussit,
789 2463 1058 2521 nempehune
1077 2464 1273 2507 annulum
1286 2464 1446 2524 hocque

99 2582 189 2611 terte
214 2577 224 2609 i
251 2578 476 2621 subscripto.
502 2597 547 2600 —-
574 2578 607 2620 ⁷)
637 2579 723 2610 hann
748 2579 833 2617 eei-it,
861 2581 942 2612 add.
969 2581 1015 2614 H.
1043 2598 1084 2604 —-
1111 2580 1144 2624 Β)
1173 2593 1193 2612 α
1218 2579 1307 2622 [om.
1332 2580 1378 2612 H.
1404 2598 1449 2602 -

100 2639 133 2680 ⁹)
161 2638 357 2671 Hreibmarr
380 2639 480 2682 fylldi
507 2639 563 2681 nli,
589 2639 635 2671 H.
659 2657 704 2662 —-
734 2639 781 2682 ¹⁰)
807 2641 937 2681 skoha,
963 2642 1019 2684 H3
1045 2642 1157 2684 gfinga
1184 2643 1221 2673 til
1248 2652 1292 2682 og
1316 2639 1381 2683 sjzi„
1408 2642 1450 2673 W

98 2699 217 2731 chart.
241 2718 285 2723 —
322 2700 370 2742 11)
403 2701 460 2733 sic
487 2710 625 2733 omnes.
650 2719 696 2724 —
732 2700 780 2743 ³²)
806 2704 912 2742 rofin,
952 2705 996 2736 ΡΥ
1014 2705 1130 2738 chart,
1156 2723 1199 2725 —
1243 2702 1290 2744 ¹³)
1317 2713 1337 2733 α
1365 2701 1447 2742 [var

97 2760 188 2792 hann
215 2760 302 2803 laus,
328 2762 374 2793 H.
402 2779 443 2784 —
472 2760 522 2804 ¹⁴)
549 2773 570 2793 a
598 2759 734 2806 [Purftu
759 2760 848 2807 ῥεῖν,
875 2765 920 2795 II.
948 2783 989 2788 -—
1023 2764 1064 2808 ¹⁵)
1093 2777 1113 2797 α
1141 2764 1228 2806 [om.
1254 2764 1299 2795 11.
1326 2781 1367 2786 -
1397 2761 1445 2804 ¹⁶]

95 2822 180 2864 anti,
199 2823 244 2855 11.
268 2841 314 2846 —
343 2823 392 2865 ¹⁷)
419 2822 482 2869 pat
507 2823 611 2856 helltz
636 2822 699 2869 {iat
724 2824 914 2867 (ultinmm
939 2826 1000 2872 {iat
1027 2836 1144 2869 supra
1162 2824 1329 2865 lineam),
1357 2822 1443 2863 Rey„

1110 2886 1185 2919 23*
