1811 3256
129 261 175 305 C.
204 259 435 306 155-157.
615 279 785 310 cmvis
823 279 1043 311 METRICA.
1378 263 1474 309 699

392 399 704 458 concitoribus3
750 415 818 444 res
854 399 1013 444 auditas

387 497 469 526 non
504 480 732 526 invidemus
769 479 1018 525 hominibus.

390 563 541 608 Coram
576 562 728 621 ignaris
765 561 995 606 divitiarum

389 642 704 703 possessoribus
742 642 914 702 exposui

386 723 555 769 bellicas
594 724 682 783 ejus
722 723 1005 783 expeditiones

392 805 611 866 praeconiis
648 805 897 850 celebratas.

127 889 174 933 In
209 888 285 932 hac
318 886 541 931 variatione
578 886 724 930 eadem
761 884 915 946 syllaba
952 886 1188 931 harmonica
1225 904 1300 948 per
1327 904 1472 933 omnes

126 969 310 1030 strophae
338 984 482 1014 versus
511 967 789 1026 continuatur,
827 967 925 1011 item
955 967 1109 1027 syllaba
1138 968 1206 1012 illa
1234 969 1472 1013 harmonica

124 1051 347 1109 continua,
383 1064 476 1110 quae
511 1047 706 1092 discernit
742 1046 918 1108 syllabas
954 1048 1212 1093 harmonicas
1243 1066 1473 1111 versusque

126 1131 310 1190 dirimit3
345 1145 470 1192 quam
507 1127 561 1173 ob
597 1143 762 1173 causam
799 1129 876 1173 hoc
903 1135 1082 1174 metrum
1113 1129 1471 1176 homoeoteleuton

124 1211 288 1257 dicitur.

230 1306 336 1355 156.
405 1306 774 1352 Homoeoteleuton
811 1305 978 1351 minus:

255 1387 335 1435 81.
388 1387 580 1433 Promovi
617 1401 783 1431 carmen

383 1484 501 1514 remo
538 1467 773 1525 sermonis,

386 1552 673 1609 honoremque
709 1548 891 1593 lucratus
928 1565 1043 1607 sum,

385 1632 525 1691 lingua
561 1630 793 1689 adjuvante.

385 1711 639 1772 Augendum
675 1717 739 1755 est
774 1714 922 1770 poema

386 1792 557 1853 principi
592 1791 906 1851 Maeriensium7

389 1873 478 1917 laus
514 1872 717 1917 movenda
754 1878 818 1916 est

389 1955 510 2015 eique
547 1953 785 1999 adserenda.

123 2039 218 2084 Hoc
253 2036 344 2081 loco
373 2034 528 2097 syllaba
555 2034 792 2079 harmonica
822 2051 897 2095 per
924 2035 1104 2095 priorem
1134 2038 1469 2099 semsstropham,

128 2119 205 2163 alia
243 2133 340 2163 vero
376 2132 452 2178 per
493 2116 770 2177 posteriorem
815 2117 1111 2176 continuatur3
1165 2134 1258 2179 quae
1302 2120 1470 2166 variatio

125 2215 175 2244 ex
212 2198 340 2260 priori
374 2203 601 2258 apocopata
639 2198 722 2242 sive
758 2197 971 2243 decurtata
1008 2205 1086 2243 est.

230 2308 338 2356 157.
407 2310 781 2355 Homoeoteleuton
815 2310 1062 2356 minimum:

256 2390 336 2438 82.
389 2392 482 2436 Hoc
517 2391 571 2435 ita
608 2397 702 2447 est3

390 2488 483 2517 eam
518 2472 708 2532 princeps

124 2595 230 2627 kunst
252 2604 290 2637 p.
314 2593 379 2626 70.
404 2612 449 2617 —-
477 2592 509 2635 6)
535 2593 592 2626 sic
613 2594 700 2636 neq.
723 2606 744 2626 a
765 2595 889 2638 prima
910 2606 1038 2639 manu,
1067 2607 1145 2641 quoe
1163 2597 1354 2639 particula
1376 2597 1474 2639 facit

124 2661 167 2688 nt
191 2655 293 2697 graebi
318 2665 387 2698 pro
414 2655 444 2687 1.
467 2654 616 2697 imperf.
642 2656 780 2696 graedda
805 2657 1034 2700 accipiatur,
1069 2669 1143 2690 non
1171 2659 1254 2691 sine
1281 2661 1471 2701 exemplo,-

124 2728 202 2756 vm,
229 2717 292 2758 de,
323 2715 368 2748 W
387 2721 423 2749 et
443 2716 532 2759 Req.
553 2728 574 2748 a
593 2719 756 2750 secunda
780 2729 915 2761 manu5
944 2720 996 2757 of,
1022 2720 1085 2762 id„
1115 2720 1233 2761 Olav.,
1262 2725 1336 2751 tum
1362 2721 1474 2751 frama

124 2779 264 2818 graebir,
290 2778 353 2811 vir
377 2778 532 2810 honoris
558 2783 595 2810 et
617 2779 750 2820 ylorioe
773 2781 978 2824 particeps,
1006 2782 1049 2814 de
1074 2781 1208 2813 Skulio
1235 2782 1406 2825 dynasta.
1429 2799 1473 2805 -

129 2839 164 2881 ⁷)
191 2839 344 2881 hnefstr,
370 2839 430 2872 hic
457 2844 492 2872 et
515 2841 631 2873 semel
656 2846 784 2884 antea,
810 2843 863 2874 W.
889 2862 932 2866 —-
958 2842 992 2884 ⁸)
1020 2854 1040 2875 a
1070 2842 1156 2884 [om.
1188 2841 1241 2874 W.
