1811 3256
119 205 164 249 C.
202 202 373 249 35-37-
521 222 580 253 DE
608 220 825 254 nicrloNE
836 234 842 240 ·
853 221 1063 254 poenos.
1374 207 1469 254 347

115 359 243 404 quare
262 358 392 387 nanus
413 343 547 387 lorum
578 343 839 402 cultrumque
860 343 1092 403 prehendit,
1129 351 1176 389 ut
1203 346 1383 404 pertusis
1405 347 1471 391 la-

115 426 192 470 biis
213 441 258 469 os
278 424 395 469 Lokii
425 430 662 468 consueret.
700 424 842 477 Quum
869 440 966 468 vero
987 425 1120 469 culter
1140 426 1317 471 obtusus
1339 435 1468 484 esset,

114 507 179 550 ille
198 507 360 550 locutus
380 511 458 564 est,
496 505 711 549 meliorem
740 504 791 549 ad
809 506 913 549 hanc
942 521 1031 549 rem
1052 522 1145 550 esse
1166 506 1360 551 subulam
1380 508 1470 552 sra-

114 587 208 644 tris;
247 603 371 648 quam
391 586 529 631 statim
548 592 595 630 ut
613 586 777 630 nomine
798 587 1097 646 nominaverat,
1137 587 1267 633 adsuit
1285 588 1368 648 illa,
1406 590 1471 633 la-

114 668 267 728 biaque
287 666 486 728 pertudit.
545 668 612 712 Sic
629 667 699 711 ille
718 666 824 711 labia
845 668 1021 727 consuit,
1050 668 1271 730 lorumque
1293 686 1340 714 ex
1363 686 1470 715 con-

114 755 304 793 sutorum
333 748 662 793 extremitatibus
689 749 854 810 eripuit.
924 750 1098 809 Lorum,
1136 766 1219 811 quo
1249 757 1471 796 consutum

114 846 160 874 os
179 830 296 874 Lokii
317 830 408 889 suit,
445 830 660 874 Vartarius
680 837 865 876 vocatur.

180 925 257 972 36.
328 927 491 970 Aurum
512 925 562 970 ab
582 925 702 970 taenia
721 926 850 971 Fullae
870 926 1182 973 denominatum
1203 943 1313 985 esse,
1343 928 1472 972 intel-

113 1008 181 1066 ligi
203 1014 340 1068 potest
360 1022 408 1050 ex
439 1006 627 1051 versibus
657 1007 948 1068 sequentibus,
985 1025 1090 1070 quos
1119 1009 1351 1069 composuit
1378 1011 1471 1070 Ey-

114 1088 258 1133 vindus
291 1086 602 1147 Skaldaspiller:

248 1184 342 1241 Sol,
380 1184 419 1227 in
458 1183 581 1228 fascia
616 1185 745 1229 Fullae
781 1186 938 1244 nitens,

246 1265 432 1310 Ilakonis
469 1280 635 1309 omnem
669 1281 744 1326 per
779 1273 945 1311 aetatem

246 1346 505 1407 resplenduit
540 1347 673 1406 poetis
711 1347 750 1391 in
785 1346 1026 1406 montibus,

245 1429 329 1474 Ulli
365 1428 570 1488 navigium
608 1428 923 1473 sustinentibus.

181 1524 257 1571 37.
327 1526 489 1569 Aurum
511 1525 741 1585 appellatur
759 1524 880 1569 fletus
900 1526 1059 1586 Freyae,
1096 1525 1156 1570 uti
1176 1533 1298 1572 antea
1319 1527 1472 1573 dictum

114 1614 177 1651 est
187 1616 221 1652 ἢ.
293 1606 360 1651 Sic
379 1606 526 1650 cecinit
545 1606 710 1651 Skulius
730 1607 989 1651 Thorsteinis
1010 1607 1141 1652 filius:

244 1688 385 1734 Multis
422 1687 745 1748 pugnatoribus,
783 1687 866 1747 igni
900 1687 1051 1733 bellico
1087 1705 1237 1734 noxam

247 1769 546 1827 inserentibus,
583 1784 705 1812 mane
742 1769 821 1813 diei
859 1785 910 1813 eo
947 1771 1085 1830 plures

245 1852 389 1911 Freyae
425 1850 601 1894 lacrimae
637 1856 750 1894 sorte
787 1849 1052 1910 obtigerunt,
1091 1851 1205 1912 quod
1240 1851 1372 1896 virum

248 1931 550 1991 dejeceramus.
620 1932 685 1976 Eo
719 1931 811 1976 loco
848 1938 1074 1992 praesentes
1112 1932 1335 1977 adfuimus.

115 2029 197 2087 Sic,
225 2035 271 2072 ut
299 2028 447 2072 cecinit
471 2028 600 2072 Einar
626 2026 753 2072 Skulii
783 2027 912 2073 filius:

247 2127 472 2170 Gestamus
509 2139 659 2167 noxam
695 2124 872 2183 ingentis
910 2124 1075 2170 Odiniae

244 2207 422 2264 tabulae,
459 2196 698 2265 campestris
735 2205 927 2250 salmonis
965 2205 1169 2251 cubilibus

242 2294 503 2348 turgentem,
539 2286 750 2332 Mardallae
786 2287 962 2332 lacrimis

244 2369 353 2413 inter
389 2369 588 2412 incisuras
625 2367 980 2428 interjacentibus.

110 2487 365 2531 appellatione
388 2487 469 2520 viri
494 2492 678 2522 sumatur.
702 2505 745 2511 —
776 2487 817 2531 18)
842 2490 900 2522 sic
915 2491 959 2532 {J;
985 2491 1155 2532 felldvmz,
1179 2490 1283 2533 Κεφ,
1297 2492 1349 2531 W,
1370 2493 1471 2534 7563

110 2551 211 2591 forte
225 2549 439 2582 rectissime
453 2549 595 2591 leqitur
609 2549 724 2590 felldv,
735 2550 960 2590 deiecerant.
972 2572 1013 2575 —-
1025 2551 1071 2595 ¹⁹)
1084 2553 1140 2586 sic
1149 2552 1252 2595 Κεφ,
1265 2554 1325 2595 W‚·
1340 2552 1415 2600 bvi,
1430 2555 1470 2586 U.

112 2630 154 2633 —
181 2611 232 2653 ²⁰)
259 2611 300 2643 in
313 2611 404 2654 Req.
432 2611 618 2653 scriplum
642 2621 770 2647 vorvm,
795 2630 838 2636 ——
866 2613 918 2655 21)
945 2614 1054 2655 megin
1082 2613 1144 2646 vrb
1168 2614 1245 2660 bar,
1272 2616 1324 2646 W.
1346 2634 1390 2637 —
1417 2614 1468 2656 ²²)

112 2672 235 2713 gaubs,
262 2674 355 2706 756.
380 2691 424 2696 —
449 2671 501 2714 ²³)
529 2673 586 2705 sic
615 2672 729 2715 Req.‚·
754 2671 909 2719 buitim,
938 2675 997 2718 id„
1020 2677 1070 2708 W.
1095 2694 1141 2700 —
1165 2675 1218 2719 24)
1245 2677 1340 2709 hanc
1366 2681 1468 2710 stro-

111 2734 222 2775 pham
248 2743 317 2766 om.
346 2735 384 2767 U.

203 2794 242 2837 a)
270 2795 347 2828 vide
372 2807 475 2838 Supra
500 2806 578 2837 pag.
604 2795 681 2828 337.
