1811 3256
95 212 144 256 C·
181 209 259 257 49·
485 227 788 262 LuanicA'no
815 226 1068 259 GYLVIANA.
1360 211 1450 258 175

96 356 242 411 spectu
261 365 306 394 se
333 348 551 407 subduxit3
586 349 743 395 Lokius
771 355 910 393 autem
936 354 1149 410 arreptum
1167 350 1449 395 Mistilteinem

101 432 188 476 solo
209 431 356 475 evulsit
375 438 417 476 et
435 431 487 475 ad
505 436 752 475 conventum
771 445 815 473 se
837 428 1023 473 eontulit.
1094 430 1260 483 Hodus,
1299 432 1450 491 quippe

96 527 258 568 coecus,
296 512 335 555 in
356 512 561 556 exteriore
579 511 758 555 virorum
779 525 929 553 corona
950 510 1099 554 stabat.
1146 511 1255 554 Huic
1273 511 1452 558 Lokius:

99 593 240 654 quidni
260 594 389 637 telum
409 592 575 651 conjicis
594 592 634 635 in
652 590 912 635 Balderum?
954 591 1050 635 Ille:
1089 591 1182 651 quia
1208 607 1288 635 non
1310 607 1450 649 cerno,

98 689 181 734 quo
202 675 293 718 loco
306 674 506 718 Balderus
525 678 728 729 versetur,
749 687 832 732 quo
852 671 1010 715 accedit
1029 672 1107 715 hoc
1127 673 1318 730 alterum,
1340 673 1454 733 quod

98 755 264 799 inermis
286 771 392 799 sum.
463 756 571 797 Tum
597 752 751 798 Lokius
771 766 782 796 :
819 768 897 811 age
934 768 1056 809 vero,
1095 768 1274 813 sequere
1303 768 1452 797 exem-

97 837 212 896 plum
232 837 404 880 aliorum
422 835 650 891 hominum,
680 834 967 894 honoremque
986 833 1182 890 Baldero,
1219 839 1265 877 ut
1284 833 1347 877 alii
1368 834 1453 877 ho-

96 918 255 975 mines,
293 915 466 961 exhibe:
505 930 584 974 ego
612 915 685 959 tibi
710 914 1070 972 commonstrabo,
1109 930 1191 974 quo
1227 915 1317 958 loco
1355 921 1451 973 stet,

99 999 214 1043 mitte
234 1000 273 1042 in
292 998 407 1041 illum
426 997 580 1055 virgam
601 996 769 1041 hancce.
838 995 1005 1048 Hodus,
1042 995 1177 1039 Lokio
1195 1002 1453 1041 monstrante

98 1086 282 1124 sumtum
300 1077 585 1123 Mistilteinem
612 1076 786 1135 conjecit
814 1077 853 1120 in
880 1076 1129 1136 Balderum,
1167 1078 1237 1137 qui
1264 1078 1341 1121 hoc
1369 1078 1454 1121 ictu

98 1159 460 1204 transverberatus
483 1158 523 1202 in
542 1164 696 1202 terram
716 1157 868 1202 decidit
886 1158 1100 1202 exanimis.
1157 1158 1282 1212 Quod
1301 1159 1453 1202 sactum

98 1241 208 1284 inter
227 1239 328 1284 deos
346 1240 620 1299 hominesque
652 1255 749 1283 casu
767 1239 1050 1283 infelicissimo
1069 1246 1354 1299 perpetratum
1374 1247 1453 1284 est.

97 1323 310 1366 Prostrato
329 1321 525 1380 Baldero,
564 1320 755 1365 omnibus
775 1321 870 1365 Asis
889 1321 1015 1365 verba
1035 1310 1287 1378 ceciderunt,
1325 1321 1454 1365 item-

98 1418 181 1462 que
201 1417 348 1446 manus
369 1402 421 1446 ad
440 1418 536 1447 eum
556 1401 798 1460 tollendum,
819 1418 902 1445 uno
923 1401 974 1445 ad
994 1402 1170 1446 alterum
1189 1402 1452 1462 respiciente,

98 1483 289 1528 omnibus
309 1500 392 1528 uno
413 1484 548 1528 animo
575 1483 614 1526 in
645 1499 756 1541 eum,
794 1483 863 1544 qui
883 1483 1037 1527 facinus
1056 1489 1311 1543 patraverat,
1349 1499 1455 1528 con-

99 1564 364 1624 spirantibus.
438 1565 523 1610 Sed
551 1565 705 1609 nemini
731 1563 785 1609 ob
815 1565 915 1625 asyli
945 1565 1204 1609 sanctitatem
1231 1565 1369 1609 ulcisci
1399 1565 1455 1608 li-

97 1645 197 1690 cuit.
269 1647 324 1691 Ut
350 1662 449 1690 vero
469 1646 565 1690 Asae
595 1661 736 1690 vocem
761 1646 926 1690 mittere
946 1646 1225 1705 conabantur,
1271 1645 1313 1689 id
1343 1646 1454 1706 prius

100 1726 259 1785 evenit,
295 1733 343 1771 ut
372 1727 491 1771 ssetus
519 1734 780 1787 erumperet,
816 1728 871 1771 ita
898 1734 945 1771 ut
972 1743 1094 1771 nemo
1122 1728 1237 1772 alteri
1265 1727 1455 1771 dolorem

98 1807 222 1852 animi
240 1806 376 1852 verbis
397 1808 629 1868 exprimere
650 1815 807 1868 posset.
871 1809 981 1853 Odin
1002 1815 1140 1852 autem
1160 1809 1239 1852 hoc
1258 1808 1456 1852 damnum

98 1904 152 1933 eo
188 1889 337 1948 aegrius
374 1888 480 1947 tulit,
518 1888 631 1949 quod
665 1889 795 1948 magis
824 1889 1099 1949 perspiciebat
1133 1889 1455 1948 evidentissime,

100 1975 302 2030 quantum
322 1968 532 2027 damnum,
555 1977 836 2031 quantamque
852 1970 1056 2029 jacturam
1077 1971 1117 2014 in
1136 1978 1271 2015 morte
1289 1970 1456 2015 Balderi

98 2050 197 2095 Asae
216 2050 424 2094 fecissent.
471 2053 528 2096 Ut
545 2067 642 2096 vero
661 2051 730 2095 Dii
749 2051 801 2095 ad
820 2052 1037 2096 sanitatem
1055 2051 1284 2111 redierunt,
1303 2051 1457 2111 Frigga

99 2131 236 2175 locuta
256 2136 320 2175 est
339 2137 380 2176 et
398 2131 679 2192 interrogavit,
711 2134 801 2194 quis
822 2134 928 2177 inter
945 2134 1052 2177 Asas
1074 2140 1198 2191 esset,
1221 2133 1290 2194 qui
1310 2148 1455 2177 omnes

98 2227 264 2256 amores
284 2228 330 2256 ac
350 2212 530 2258 savorem
550 2229 672 2258 suum
690 2215 843 2258 mereri
861 2215 998 2273 vellet,
1025 2220 1072 2258 ut
1089 2214 1194 2258 viam
1212 2214 1330 2258 Helae
1349 2228 1458 2274 equo

100 2293 330 2352 ingressus,
367 2294 592 2339 Balderum
612 2295 831 2340 convenire
851 2301 1089 2354 conaretur,
1126 2295 1332 2355 Helaeque
1351 2310 1457 2355 pre-

101 2373 205 2418 tium
225 2373 495 2420 redemtionis
524 2375 696 2435 offeret,
726 2377 758 2420 si
777 2376 1002 2421 Balderum
1023 2376 1193 2421 domum
1220 2376 1459 2435 Asgardum

100 2454 319 2500 remittere
347 2456 482 2500 vellet.
530 2458 570 2501 Is
590 2464 747 2517 autem,
785 2457 855 2519 qui
884 2457 937 2502 ad
954 2458 1059 2501 hanc
1077 2456 1378 2518 prosectionem
1408 2471 1453 2500 se

104 2534 253 2579 adduci
274 2552 419 2596 passus
440 2543 518 2596 est,
540 2538 774 2583 nominatus
788 2545 852 2583 est
865 2538 1106 2583 Hermodus
1127 2554 1223 2583 acer
1235 2537 1458 2596 (v.celer),

105 2615 282 2661 famulus
304 2618 468 2662 Odinis,
506 2620 612 2664 Tum
633 2626 794 2664 sumtus
815 2619 1018 2680 Sleipner,
1056 2635 1189 2680 equus
1219 2618 1382 2677 Odinis,
1419 2623 1461 2661 et

106 2695 358 2755 productus3
394 2714 477 2759 quo
499 2714 608 2760 equo
628 2715 856 2745 conscenso
874 2699 1114 2745 Hermodus
1136 2699 1323 2744 avolavit.

113 2812 158 2855 ¹¹)
183 2814 305 2854 minar,
333 2814 388 2850 W.
412 2833 457 2839 —
487 2814 530 2858 ¹²)
556 2827 578 2849 a
603 2815 695 2858 [mn.
719 2817 766 2850 H.
790 2835 837 2841 ——
867 2817 911 2859 ¹³)
932 2829 1006 2859 son,
1032 2819 1084 2861 W,
1116 2818 1157 2851 U.
1182 2835 1228 2841 ·—-
1266 2816 1312 2858 ¹⁴)
1339 2814 1459 2847 sendi-

103 2875 218 2915 sarar‚
244 2875 294 2909 W.
