1811 3256
96 179 142 223 C.
179 175 258 223 46·
463 193 774 228 nummeA'rio
800 192 1052 226 ernvmm,
1352 179 1441 225 157

91 317 205 361 muni
219 316 375 376 judicio
396 323 569 360 strenue
588 322 772 376 potatur,
793 330 921 375 quum
941 315 1019 359 hoe
1039 331 1165 360 cornu
1187 334 1272 362 uno
1293 319 1442 363 haustu

91 398 347 453 exhauritur,
386 397 572 441 nonnulli
605 403 743 440 autem
773 395 937 439 (luobus
957 397 1174 442 haustibus
1195 398 1233 442 id
1253 407 1442 449 vacuant,

90 479 164 524 sed
184 495 308 523 nemo
330 485 412 522 tam
433 479 601 537 ignavus
621 486 788 540 potator
817 485 903 535 est,
943 477 1040 537 quin
1062 478 1194 523 tribus
1215 479 1445 523 exhauriat.

89 561 204 604 Ther
230 576 361 604 cornu
388 561 517 605 oeulis
548 561 721 617 lustrat,
760 560 823 603 cui
853 575 983 620 quum
1009 559 1118 603 haud
1145 560 1200 603 ita
1228 575 1442 617 magnum,

88 641 276 702 quamvis
297 641 621 700 longiusculum,
644 640 870 697 videretur,
901 656 1115 701 quumque
1136 641 1223 700 ipse
1243 639 1361 683 valde
1382 639 1444 683 si-

86 723 199 780 tiret,
237 729 383 782 potare
403 721 542 781 incipit
559 728 758 781 vasteque
787 727 932 781 potum
953 721 990 764 in
1013 737 1056 765 se
1078 721 1322 781 ingurgitat,
1359 736 1444 780 pu-

88 810 180 847 tans
200 818 282 846 non
301 818 405 863 opus
428 803 514 846 sore
534 802 684 862 szepius
698 801 735 844 in
758 802 953 861 praesenti
973 803 1069 846 sein
1090 801 1444 846 cornuinclinare.

87 885 144 930 Ut
162 899 261 928 vero
291 899 386 928 eum
416 883 582 942 spiritus
611 881 785 940 defecit,
822 882 996 943 ipseque
1022 898 1044 926 e
1071 898 1202 927 cornu
1230 898 1274 926 se
1296 882 1443 932 erexit,

88 965 315 1009 observans
335 969 537 1023 quantum
556 970 679 1022 potus
698 970 892 1007 restaret.
931 964 984 1008 ita
998 964 1179 1024 judicat,
1203 963 1318 1024 quasi
1340 978 1444 1023 per-

87 1046 286 1104 exiguum
319 1044 603 1088 intercesserit
632 1044 875 1096 discrimen,
924 1061 1007 1109 quo
1034 1061 1143 1089 nunc
1162 1060 1291 1089 cornu
1312 1044 1443 1103 magis

86 1143 213 1188 quam
232 1133 353 1171 antea
373 1141 547 1169 vacuum
568 1126 634 1170 sit.
697 1127 803 1170 Tum
823 1127 977 1171 Lokius
996 1126 1296 1185 Utgardensis:
1334 1125 1443 1169 bene

85 1207 255 1268 quidem
274 1213 463 1267 potatum
484 1213 562 1265 est,
594 1223 731 1268 neque
751 1214 890 1252 tamen
911 1208 1052 1266 nimis,
1082 1206 1191 1251 haud
1211 1205 1443 1265 crederem,

85 1288 119 1332 si
138 1288 234 1332 mihi
255 1288 433 1332 relatum
457 1295 583 1347 esset,
613 1289 796 1333 Thorem
815 1289 987 1333 Asicum
1007 1305 1089 1332 non
1110 1288 1256 1333 fortius
1274 1287 1443 1344 bibere3

84 1368 250 1414 interim
282 1384 525 1430 persvasum
553 1369 714 1428 habeo,
752 1370 856 1413 velle
894 1376 935 1414 te
965 1385 1095 1414 cornu
1125 1370 1255 1414 altero
1292 1369 1444 1413 haustu

84 1465 276 1495 vacuare.
330 1451 444 1495 Ther
464 1450 561 1494 nihil
581 1450 840 1511 respondens
867 1467 996 1496 cornu
1016 1451 1077 1495 ori
1097 1450 1304 1509 admovet,
1329 1450 1445 1509 jam-

86 1547 168 1592 que
187 1531 354 1591 largiori
373 1532 525 1576 haustu
551 1531 697 1577 bibere
725 1533 905 1590 cogitat,
944 1539 1069 1593 atque
1097 1539 1243 1593 potare
1263 1538 1445 1576 conten-

85 1612 372 1673 dit,quantum
385 1613 557 1657 facultas
569 1612 799 1673 respirandi
813 1613 1078 1674 suppetebat,
1101 1620 1142 1658 et
1160 1620 1299 1658 tamen
1320 1612 1444 1656 etiam

86 1709 196 1738 nune
214 1693 397 1738 animum
418 1694 615 1753 advertit,
653 1694 826 1738 caudam
856 1711 1006 1739 cornus
1033 1701 1211 1753 tantum,
1242 1700 1444 1754 quantum

85 1774 162 1835 ipsi
181 1775 359 1834 placeat,
382 1775 484 1834 erigi
504 1776 637 1833 nolle3
665 1782 790 1836 atque
810 1791 940 1836 quum
960 1791 1089 1819 cornu
1108 1775 1158 1819 ab
1179 1791 1252 1819 ore
1272 1790 1347 1819 suo
1367 1789 1442 1818 re-

83 1855 297 1914 movisset,
334 1856 677 1917 observaretque,
714 1856 846 1900 visum
867 1856 904 1901 ei
923 1863 988 1901 est
1006 1871 1113 1900 nunc
1131 1856 1282 1915 minus,
1320 1871 1444 1916 quam

84 1935 211 1996 priori
247 1935 358 1996 viee,
405 1936 659 1996 decessisse3
697 1937 861 1982 interim
896 1944 1057 1982 tantum
1092 1952 1257 1982 coronae
1293 1951 1443 1981 cornus

84 2015 338 2076 decesserat,
376 2024 422 2062 ut
441 2018 659 2063 commode
686 2018 841 2078 gestari
866 2025 1023 2079 posset.
1086 2019 1166 2063 Hie
1185 2018 1340 2062 Lokius
1359 2019 1444 2063 Ut-

83 2097 325 2157 gardensis:
364 2098 512 2143 siccine
532 2099 636 2159 agis,
659 2099 808 2144 Ther?
842 2115 978 2144 nonne
993 2099 1080 2159 jam
1100 2116 1228 2144 unum
1248 2099 1444 2144 haustum

83 2179 244 2239 parcius
265 2179 418 2238 agitas,
457 2195 580 2240 quam
607 2188 654 2225 ut
682 2187 756 2225 tuo
784 2180 1005 2226 commodo
1032 2181 1218 2225 futurum
1247 2181 1313 2225 sit.
1383 2181 1445 2224 Ita

83 2260 192 2305 enim
211 2259 308 2304 mihi
330 2259 505 2320 videtur,
527 2261 560 2305 si
579 2278 687 2306 nunc
706 2263 829 2307 tertio
850 2262 1000 2307 haustu
1021 2261 1349 2307 exhauriendum
1368 2260 1444 2305 tihi

81 2356 211 2385 cornu
232 2347 310 2399 est,
347 2341 455 2386 hune
474 2343 698 2388 maximum
717 2359 811 2388 esse
831 2343 1098 2389 destinatum.
1152 2342 1236 2389 Sed
1254 2343 1320 2387 hic
1338 2340 1446 2403 apud

83 2438 157 2466 nos
187 2438 268 2466 non
301 2428 439 2467 tantus
467 2423 527 2466 vir
551 2424 686 2468 vocari
715 2425 896 2485 poteris,
936 2432 1137 2486 quantum
1165 2430 1206 2469 te
1238 2424 1446 2484 appellant

83 2505 202 2563 Asae,
242 2504 274 2547 si
302 2510 342 2547 te
373 2505 412 2547 in
443 2504 528 2548 aliis
557 2507 852 2551 certaminibus
873 2507 1209 2551 excellentiorem
1229 2521 1309 2549 non
1330 2520 1445 2565 prae-

83 2651 182 2683 nihil
213 2651 360 2685 incerta
395 2654 527 2686 lectio.-
560 2655 622 2686 har
652 2655 660 2686 i
689 2654 808 2701 pori-¹3
846 2655 985 2702 porr-it,
1023 2657 1076 2696 W,
1107 2656 1156 2697 Π,-
1190 2652 1351 2699 bvorrat,
1390 2653 1445 2693 H,-

83 2713 94 2744 i
128 2711 256 2758 por-rit,
294 2714 411 2747 Rask.
444 2733 490 2738 —
530 2715 579 2758 11)
616 2727 684 2750 om.
718 2717 764 2748 II.
799 2736 842 2740 —-
874 2716 922 2760 ¹²)
959 2718 1126 2757 boi-anda,
1166 2717 1214 2758 U,
1247 2716 1292 2747 ΙΙ.
1319 2733 1362 2739 --
1400 2712 1446 2754 ¹³)

84 2784 200 2815 spana,
229 2776 278 2809 W.
305 2793 348 2798 —-
378 2774 424 2816 ¹⁴¹)
451 2776 585 2816 lurgust
610 2788 700 2817 vera,
731 2778 770 2818 U,
796 2778 842 2810 H.
