1811 3256
100 184 150 229 C.
169 180 248 229 48.
482 197 786 231 LuoichTio
816 197 1069 230 GYLVIANA.
1363 184 1447 229 171

99 328 223 381 caput
239 320 444 366 bubulum
474 337 496 365 e
517 319 678 379 navigio
702 320 742 363 in
761 333 875 362 mare
895 317 1091 378 projecit,
1128 319 1250 363 hamo
1279 321 1451 365 fundum

99 407 283 462 petente.
330 402 409 446 Hic
435 417 532 446 vere
553 399 761 444 adfirmari
787 404 948 458 potest,
987 400 1240 459 Serpentem
1267 400 1451 444 circum-

98 489 339 527 terraneum
360 489 455 527 tunc
473 498 554 526 non
572 481 706 525 minus
727 495 748 523 a
771 481 909 524 Thore
929 479 1149 539 deceptum
1170 496 1288 540 esse,
1326 497 1450 541 quam

100 564 214 608 Thor
230 579 253 607 a
272 563 404 607 Lokio
426 561 673 622 Utgardensi
701 560 933 605 ludificatus
961 561 1118 619 suerat,
1156 561 1321 621 quando
1342 563 1449 606 Ser-

96 651 263 704 pentem
294 660 419 689 manu
439 659 512 688 sua
531 642 692 687 extulit.
763 643 943 701 Serpens
971 642 1345 686 circumterraneus
1373 658 1449 686 ca-

98 725 171 785 piti
188 725 349 770 bubulo
369 724 559 781 inhiavit,
596 724 742 767 hamus
771 728 910 766 autem
937 723 1074 783 palato
1095 723 1183 782 ejus
1203 723 1350 766 infixus
1371 730 1449 769 est.

98 807 225 861 Quod
236 822 366 866 quum
379 808 558 865 Serpens
571 804 759 861 sentiret,
780 809 863 847 tam
874 804 1108 848 vehementi
1127 803 1312 864 eorporis
1332 810 1450 852 motu

96 888 258 932 renisus
279 894 364 947 est,
401 894 447 931 ut
473 885 596 930 ambo
617 884 766 930 Thoris
786 885 913 944 pugni
938 885 978 928 in
1008 885 1236 944 marginem
1262 885 1449 929 navalem

95 967 371 1012 illiderentur.
441 968 520 1012 Hic
550 967 665 1011 Thor
689 966 748 1009 ira
778 975 1011 1012 commotus
1040 967 1171 1011 robur
1188 966 1360 1011 Asicum
1380 967 1449 1010 in-

94 1048 268 1108 duebat,
304 1048 479 1109 pedibus
498 1055 582 1093 tam
609 1051 879 1095 vehementer
905 1047 1188 1106 obnitebatur,
1223 1053 1271 1091 ut
1297 1047 1449 1091 ambo-

95 1130 174 1175 bus
209 1130 385 1191 pedibus
422 1130 629 1190 navigium
665 1130 860 1176 calcando
888 1130 1182 1186 transforaret,
1237 1129 1448 1190 fundoque

92 1212 218 1256 maris
237 1211 453 1270 insistens,
503 1213 752 1273 Serpentem
772 1213 822 1257 ad
840 1211 1072 1271 marginem
1090 1210 1237 1270 navigii
1257 1210 1447 1255 extraxit.

93 1294 188 1337 Hoc
206 1307 304 1337 vero
325 1292 532 1337 adfirmari
552 1300 713 1354 potest,
760 1293 969 1338 neminem
990 1292 1253 1352 conspexisse
1273 1291 1447 1336 terribi-

94 1374 154 1418 les
177 1372 374 1432 obtutus,
412 1374 477 1418 cui
498 1390 580 1419 non
609 1375 850 1433 conspicere
878 1375 992 1419 licuit
1010 1375 1208 1431 Thorem,
1247 1389 1378 1418 saevos
1406 1373 1446 1416 in

92 1457 343 1515 Serpentem
369 1456 512 1500 oculos
538 1455 840 1512 intendentem,
871 1458 1118 1516 Serpentem
1152 1471 1249 1499 vero
1277 1470 1326 1498 ex
1354 1455 1446 1498 loco

92 1536 276 1581 inferiori
295 1537 375 1580 acri
396 1536 546 1581 obtutu
566 1544 711 1582 contra
723 1537 1034 1598 suspicientem,
1054 1551 1345 1597 venenumque
1357 1536 1446 1596 spi-

91 1624 270 1662 rantem.
290 1618 369 1662 Hic
379 1620 539 1679 Hymer
556 1619 689 1679 gigas,
711 1634 839 1679 quum
852 1620 1099 1678 Serpentem
1119 1618 1445 1677 conspicaretur,

92 1715 293 1759 mareque
322 1714 398 1759 per
433 1699 617 1744 lembum
644 1700 801 1744 infundi
828 1707 870 1745 et
895 1699 1052 1744 effundi
1080 1698 1444 1755 animadverteret,

89 1780 276 1824 colorem
296 1780 411 1824 faciei
430 1788 634 1840 mutasse,
673 1782 921 1841 expalluisse
950 1787 992 1825 et
1019 1787 1134 1824 metu
1153 1785 1444 1824 consternatus

91 1876 185 1905 esse
206 1861 368 1905 dicitur.
438 1862 579 1922 Atque
600 1878 683 1923 quo
713 1862 910 1923 temporis
929 1870 1142 1906 momento
1162 1861 1276 1905 Thor
1295 1875 1445 1920 arrep—

89 1948 179 1986 tum
198 1942 394 1986 malleum
414 1942 635 1987 sublimem
661 1944 857 2002 tollebat,
896 1944 1014 2003 gigas
1034 1944 1213 1987 cultrum
1242 1941 1446 1986 escarium

88 2038 201 2067 coeca
221 2039 346 2067 manu
365 2022 558 2082 vibrans,
596 2025 744 2069 lineam
765 2025 913 2069 Tboris
933 2024 1144 2080 dissecuit,
1179 2030 1226 2068 ut
1253 2039 1302 2067 ex
1328 2038 1446 2066 mar-

89 2104 187 2164 gine
215 2105 326 2148 navis
351 2104 638 2165 relaberetur,
677 2108 943 2167 Serpensque
968 2106 1008 2150 in
1041 2121 1156 2149 mare
1187 2104 1445 2161 subsideret3

91 2186 206 2229 Thor
224 2201 322 2230 vero
341 2187 536 2231 malleum
556 2187 595 2230 iu
615 2202 712 2231 eum
732 2188 928 2248 projecit,
973 2187 1095 2247 eique
1125 2193 1247 2247 caput
1274 2186 1325 2230 ad
1346 2186 1444 2230 sun-

89 2266 188 2311 dum
207 2267 331 2311 maris
362 2267 592 2312 decussisse
613 2268 773 2313 dicitur.
842 2271 934 2328 Ego
963 2285 1061 2313 vero
1082 2270 1159 2312 hoc
1185 2268 1283 2311 mihi
1304 2268 1446 2312 videor

76 2364 186 2415 *vere
215 2348 288 2392 tibi
318 2349 523 2393 affirmare
552 2366 700 2409 posse,
764 2352 1011 2410 Serpentem
1049 2350 1445 2394 circumterraneum

87 2429 214 2473 etiam
234 2445 341 2474 nunc
366 2430 502 2495 vivere
530 2431 628 2475 etin
656 2432 904 2476 circumfuso
932 2447 1086 2476 oceano
1101 2431 1258 2490 jacere.
1330 2431 1445 2474 Thor

86 2516 228 2554 autem
249 2511 399 2555 elatum
421 2528 605 2571 pugnum
625 2513 713 2556 auri
731 2513 897 2557 Ymeris
918 2513 1088 2573 impegit
1106 2519 1219 2556 tanta
1239 2512 1290 2569 vi,
1327 2518 1374 2555 ut
1393 2527 1440 2554 ex

87 2590 180 2634 navi
197 2592 538 2652 praecipitaretur,
559 2609 741 2639 summas
761 2594 914 2654 pedum
934 2595 1045 2638 volas
1067 2600 1298 2638 ostentans.
1346 2594 1441 2646 Quo

89 2670 198 2714 sacto
218 2673 331 2716 Thor
348 2673 523 2732 pedibus
542 2691 617 2734 per
635 2674 766 2719 undas
787 2675 837 2719 ad
857 2682 1011 2720 terram
1029 2675 1165 2719 rediit.

88 2786 194 2829 Κεφ,
221 2787 292 2829 cfr.
317 2788 454 2832 fraym.
479 2793 682 2835 yeoqmph.
710 2793 893 2836 Antiquie.
915 2792 1128 2827 American.
1152 2804 1188 2836 p.
1214 2792 1319 2833 285,-
1347 2790 1441 2832 lig-gr

89 2845 100 2876 ε’
127 2849 195 2891 sjfi,
222 2851 274 2890 W,
298 2849 398 2893 Res„
424 2850 538 2886 Bask-
