1811 3256
76 235 123 280 C.
144 231 221 279 34.
457 251 762 285 mnmchTio
791 253 1043 286 Grnvmxs.
1338 241 1427 289 109

73 373 236 418 roboris
263 373 432 418 faceret.
498 374 624 429 Quod
660 389 788 435 quum
822 374 941 434 lupus
977 375 1084 420 vires
1121 392 1216 422 suas
1243 394 1324 423 non
1351 395 1428 424 su—

72 470 220 516 perare
242 454 515 513 existimaret,
552 471 697 515 passus
735 462 819 513 est,
841 461 888 498 ut
922 471 1012 500 rem
1046 472 1121 516 pro
1147 458 1278 503 lubitu
1304 460 1426 505 insti-

71 543 252 582 tuerent.
313 536 371 580 At
390 536 520 597 primo
541 537 677 581 statim
706 542 916 595 tempore,
946 553 1074 597 quum
1101 539 1221 598 lupus
1248 540 1425 600 pedibus

72 621 344 679 obniteretur,
382 636 431 664 ea
460 624 602 663 catena
628 617 754 660 fracta
784 622 847 660 est
857 633 868 675 3
908 624 1031 678 atque
1052 619 1130 663 hoe
1156 619 1281 664 modo
1309 636 1353 665 se
1375 638 1425 666 ex

69 702 303 761 Leuthingo
331 699 548 761 expedivit.
600 697 764 742 Deinde
792 698 889 742 Asae
917 699 1034 743 aliam
1071 707 1256 746 catenam
1292 702 1425 747 sabri-

71 790 230 841 carunt,
253 783 376 842 duplo
396 780 637 837 firmiorem,
659 794 783 839 quam
800 779 1022 823 Dromium
1040 789 1261 841 vocarunt,
1284 782 1423 828 denuo

69 870 279 923 rogantes,
299 869 345 907 ut
364 863 481 922 lupus
501 861 604 904 hano
623 866 809 903 catenam
829 861 1044 920 explorare
1064 862 1200 922 vellet,
1222 862 1422 924 dieentes,

70 960 167 989 eum
192 944 338 988 tirium
361 940 641 1001 magnitudine
666 957 857 1001 magnam
885 942 1057 1001 gloriam
1076 951 1421 1005 consecuturum,

69 1026 102 1070 si
122 1041 225 1086 opus
245 1030 366 1069 tantae
385 1022 587 1068 firmitatis
608 1037 703 1067 eum
723 1028 867 1067 tenere
887 1039 968 1068 non
988 1025 1205 1085 potuisset.
1259 1026 1419 1087 Lupus,

67 1113 288 1167 reputans,
322 1106 425 1149 hanc
460 1110 648 1148 catenam
683 1103 800 1148 valde
836 1104 998 1149 firmam
1034 1120 1152 1165 esse,
1190 1107 1419 1168 simulque,

64 1187 246 1232 crevisse
284 1186 360 1231 sibi
395 1186 548 1245 robur,
593 1200 643 1229 ex
688 1201 770 1246 quo
805 1186 1083 1245 Leuthingum
1119 1189 1418 1249 confregisset,

65 1284 193 1330 quum
228 1267 388 1313 subiret
422 1267 603 1311 animum
638 1266 855 1326 cogitatio,
899 1266 1136 1313 adeundum
1172 1285 1265 1315 esse
1300 1272 1419 1331 peri-

64 1350 199 1394 culum
225 1347 414 1410 aliquod,
451 1348 484 1392 si
520 1348 802 1392 celebritatem
838 1348 1013 1393 nominis
1049 1352 1246 1412 consequi
1273 1353 1417 1412 vellet,

61 1430 168 1490 injici
194 1430 270 1475 sibi
296 1435 483 1474 catenam
509 1444 655 1489 passus
685 1435 762 1473 est.
823 1430 879 1474 Ut
906 1445 1004 1474 vero
1033 1432 1130 1476 Asae
1157 1448 1201 1477 se
1231 1432 1419 1479 dixerant

61 1518 227 1572 paratos
256 1526 372 1570 esse,
400 1511 544 1571 lupus,
582 1525 755 1570 corpore
784 1525 1008 1570 concusso,
1041 1511 1217 1572 pedihus
1247 1515 1416 1560 obnisus

61 1600 248 1637 catenam
272 1598 394 1636 terrae
421 1590 575 1650 adlisit,
611 1597 658 1635 ut
685 1592 881 1651 fragmina
925 1593 1047 1652 longe
1073 1595 1302 1653 avolarent3
1339 1596 1418 1641 hoc

59 1673 186 1718 modo
221 1689 266 1717 se
303 1689 353 1718 ex
385 1673 561 1717 Dromio
598 1672 762 1732 eripuit.
816 1672 917 1718 Inde
942 1674 1008 1718 ille
1035 1675 1231 1733 loquendi
1265 1677 1415 1722 modus

59 1761 306 1815 usurpatur,
348 1753 559 1813 “expediri
587 1753 720 1812 (rem)
748 1770 797 1798 ex
815 1755 1091 1815 Leuthingo”,
1121 1764 1192 1801 aut
1215 1758 1345 1818 “eripi
1364 1774 1413 1803 ex

58 1835 283 1895 Dromio”,
330 1851 458 1896 quum
500 1834 712 1894 negotium
755 1834 922 1893 aliquod
956 1851 1116 1881 summa
1152 1840 1414 1885 contentione

57 1923 276 1976 urguetur.
331 1918 430 1961 Post
464 1916 551 1959 haeo
585 1931 715 1976 quum
749 1917 846 1960 Asae
881 1924 1152 1978 vererentur,
1190 1935 1241 1964 ne
1270 1920 1413 1980 lupum

57 2001 253 2043 coercere
280 1997 445 2042 vinculis
471 2012 552 2040 non
576 2003 768 2056 possent,
808 1997 1075 2058 Omnipater,
1119 2000 1271 2045 famulo
1299 2017 1412 2062 quo-

59 2077 185 2138 dam,
223 2078 418 2124 Skirnere
454 2077 695 2137 nominato,
741 2078 876 2137 legato
910 2079 1062 2140 Freyi,
1108 2080 1147 2125 in
1184 2082 1410 2126 Svartalfa-

55 2159 238 2204 heimum
258 2159 310 2204 ad
327 2174 454 2203 nanos
475 2158 677 2219 quosdam
694 2159 845 2219 miSSO,
873 2167 1080 2220 catenam,
1103 2177 1195 2222 quae
1215 2163 1412 2224 Gleipner

60 2321 112 2366 ¹⁹)
138 2322 195 2356 sic
220 2323 280 2363 W,
309 2322 357 2364 U3
387 2333 459 2362 sex,
485 2322 584 2364 7563
609 2323 662 2363 V,
697 2322 788 2366 Ray.
814 2341 860 2347 —-
894 2323 950 2366 ²⁰)
975 2323 1178 2367 Sequentia
1203 2325 1257 2358 ita
1284 2326 1340 2359 H.-
1373 2327 1415 2359 af

54 2383 169 2417 kattar.
193 2384 259 2429 dyn
291 2403 337 2408 —
372 2395 411 2416 oc
444 2394 552 2428 qvono
584 2394 711 2425 seegge
741 2404 787 2408 ——-
820 2385 962 2425 bJarnar
995 2385 1106 2419 sinum
1137 2405 1184 2410 —
1215 2398 1254 2419 oc
1287 2388 1409 2429 bjargs

54 2446 164 2478 rdtom
189 2464 234 2470 —-
257 2447 340 2479 fiscs
365 2446 455 2478 anda
479 2464 524 2469 —-
549 2456 588 2479 oe
613 2446 707 2488 fogia
731 2447 855 2482 hraka.
891 2447 950 2480 Ita
966 2452 1002 2481 et
1023 2447 1408 2491 fraymentummem-

56 2505 278 2540 hranaceum
297 2507 688 2550 Arna-Maymeanum
712 2507 779 2540 No.
798 2507 889 2541 748.
909 2508 960 2549 4.,
990 2509 1070 2542 nisi
1095 2511 1190 2552 quod
1213 2521 1285 2554 pro
1313 2511 1409 2552 fogla

53 2566 165 2600 hraika
199 2575 397 2611 posuerat:
435 2569 532 2610 fugla
569 2569 676 2609 mj61k
713 2569 833 2612 [lacte
870 2570 1048 2614 avium),
1088 2572 1229 2605 addens
1268 2583 1408 2615 quoque

54 2629 149 2663 hanc
173 2630 330 2663 lineam.-
376 2631 425 2663 Or
448 2628 508 2675 bvi
541 2641 603 2663 var
635 2631 722 2663 hann
756 2631 913 2674 Gleipnii·
937 2634 1031 2673 gjoa.
1089 2632 1172 2675 Ofr.
1203 2634 1298 2667 Lex.
1325 2645 1406 2677 my-

55 2691 142 2724 thol.
169 2691 245 2724 bor.
270 2703 355 2735 paq.
372 2693 439 2726 66.
464 2692 572 2724 Edda
598 2698 673 2725 ant.
690 2694 752 2736 111,
765 2694 845 2726 338.
869 2713 914 2718 —
940 2694 1002 2738 2¹)
1024 2706 1045 2727 a
1070 2694 1130 2737 [af
1146 2695 1257 2727 ratum
1282 2697 1406 2737 bei-gs·-

54 2751 128 2792 ins,
161 2754 220 2794 W,
255 2755 348 2787 756.
373 2773 419 2777 —
446 2753 507 2797 22)
535 2765 603 2788 om.
637 2755 696 2795 W,
723 2755 818 2788 756.
843 2775 888 2779 -
914 2754 964 2799 23)
1001 2756 1116 2798 fugis,
1157 2757 1210 2798 W,
1242 2758 1335 2790 756.
1361 2774 1407 2779 —-

55 2812 109 2856 ²⁴)
135 2813 297 2856 a[finna
321 2815 396 2857 her,
429 2817 489 2857 W,
514 2817 620 2859 7563
646 2816 844 2860 sanndaemi‚
870 2817 917 2861 H,
945 2828 1015 2851 om.
1044 2818 1157 2858 skjott
1182 2816 1255 2851 her.
