1811 3256
176 164 191 186 Ι

75 210 122 255 C.
159 207 204 254 5.
461 224 761 259 numm-rcum
789 223 1042 256 GYLVIANA.
1360 207 1422 253 43

174 346 219 393 5.
257 348 527 408 Ganglerius:
547 345 646 408 quid
665 344 825 403 accidit,
847 351 1071 406 antequam
1091 351 1238 404 gentes
1260 346 1421 391 existe-

73 437 200 488 rent,
243 436 315 474 aut
349 428 538 473 homines
575 426 946 486 propagarentur?
1014 426 1091 470 Cui
1135 427 1246 476 Har:
1288 426 1422 485 ssuvii,

72 512 258 570 Elivagae
299 510 430 566 dicti,
483 522 612 569 quum
649 505 701 550 ab
737 506 989 565 scaturigine
1034 512 1197 550 tantum
1244 522 1424 567 proces-

74 592 246 651 sissent,
272 598 320 636 ut
343 591 452 635 virus
481 587 733 633 lutulentum
760 587 818 631 eis
842 586 1096 646 admixtum,
1124 587 1268 632 scoriae
1296 588 1426 632 instar

74 689 125 717 ex
159 674 255 733 igne
292 669 557 733 profluentis,
587 667 897 726 induresceret,
938 668 978 712 in
1014 668 1189 727 glaciem
1216 674 1424 713 mutatum

74 761 160 811 est3
189 769 282 815 quae
309 751 460 812 glacies
488 748 561 793 uhi
587 749 679 793 loco
715 749 915 807 haeserat,
950 763 1089 810 neque
1115 749 1290 809 amplius
1318 765 1424 810 pro-

75 834 253 892 fluebat,
291 833 387 877 illuc
417 831 542 876 etiam
567 830 786 890 superfusa
815 836 879 874 est
904 830 1052 874 veneni
1078 830 1285 874 exhalatio
1314 836 1357 874 et
1383 830 1424 874 in

74 916 263 976 pruinam
290 911 522 970 concrevit,
557 910 705 972 pruina
739 910 816 954 alia
852 926 979 971 super
1006 911 1128 955 aliam
1158 917 1423 956 accrescente

74 1003 117 1041 et
147 1010 281 1056 usque
309 995 349 1038 in
382 993 549 1038 chasma
577 992 699 1036 inane
726 998 1017 1053 proserpente.
1082 993 1191 1036 Tum
1228 992 1422 1037 Jasnhar:

73 1093 167 1139 pars
201 1074 442 1132 chasmatis,
480 1075 645 1135 plagam
671 1072 887 1117 borealem
916 1080 1133 1134 spectans,
1168 1072 1355 1134 pondere
1383 1080 1426 1118 et

73 1158 274 1219 gravitate
311 1155 456 1216 glaciei
488 1171 536 1200 ac
570 1155 729 1215 pruinae
769 1155 937 1215 oppleta
973 1163 1068 1214 est,
1118 1154 1255 1215 gelida
1288 1170 1424 1215 vapo-

70 1240 232 1285 ratione
265 1244 308 1283 et
340 1252 440 1282 aura
475 1235 623 1296 frigida
661 1251 683 1280 a
718 1242 836 1296 parte
877 1236 1063 1280 interiori
1106 1235 1423 1294 accedentibus3

72 1320 171 1365 dum
199 1335 294 1380 pars
323 1317 543 1362 chasmatis
572 1317 825 1375 meridiana,
854 1317 1038 1362 scintillis
1066 1333 1113 1361 ac
1138 1317 1365 1375 stricturis,
1401 1333 1423 1362 e

73 1400 228 1446 mundo
247 1399 458 1460 Muspello
479 1398 765 1458 evolantibus,
794 1398 995 1457 obversa,
1023 1398 1153 1443 levior
1171 1399 1262 1443 fieri
1283 1399 1422 1459 coepit.

72 1482 244 1527 Addidit
269 1480 484 1525 Thridius:
521 1480 582 1524 uti
613 1480 742 1539 frigus
785 1480 1057 1541 omniumque
1091 1495 1235 1524 rerum
1271 1481 1424 1525 saevitia

72 1563 125 1608 ab
151 1562 374 1608 Nissheimo
402 1562 588 1623 prosecta
625 1567 711 1619 est,
757 1562 812 1606 ita
846 1577 917 1620 ea,
964 1576 1059 1622 quae
1083 1562 1292 1622 Muspello
1329 1568 1427 1606 sunt

73 1645 224 1703 vicina,
269 1642 399 1688 calida
443 1649 485 1687 et
530 1641 664 1686 lucida
708 1649 818 1687 sunt.
889 1644 1089 1688 Ceterum
1132 1643 1297 1687 chasma
1340 1650 1425 1688 tam

72 1724 260 1786 tepidum
286 1730 397 1782 erat,
428 1739 553 1785 quam
573 1728 645 1768 ae'r
663 1724 778 1768 nullo
799 1730 921 1768 vento
941 1729 1196 1781 commotus,
1234 1730 1276 1768 et
1295 1740 1425 1785 quum

74 1812 203 1851 strata
230 1805 472 1866 pruinarum
510 1812 552 1850 et
582 1820 682 1848 aura
721 1805 868 1848 caloris
902 1805 1010 1849 inter
1047 1820 1091 1848 se
1126 1804 1423 1863 occurrebant,

74 1894 121 1932 ut
140 1886 334 1947 (pruina)
362 1885 613 1947 liquesceret
632 1892 674 1930 et
693 1886 881 1945 stillaret,
913 1892 1002 1930 tum
1021 1885 1157 1930 ssuidae
1176 1885 1256 1929 illae
1277 1892 1424 1945 guttae,

73 1968 224 2013 virtute
262 1966 374 2026 ejus,
418 1967 488 2028 qui
515 1968 697 2012 calorem
718 1968 914 2026 miserat,
947 1967 1091 2011 vitales
1119 1967 1236 2011 factae
1262 1974 1359 2012 sunt
1384 1974 1428 2012 et

72 2049 113 2093 in
141 2049 363 2093 humanam
393 2047 703 2093 similitudinem
731 2048 1063 2108 transfiguratae,
1094 2047 1164 2108 qui
1182 2049 1315 2092 Ymer
1340 2064 1425 2093 no-

72 2130 277 2189 minatur,
304 2128 379 2174 sed
406 2145 429 2173 a
453 2129 732 2174 Hrimthursis
758 2130 993 2191 appellatur
1018 2129 1260 2188 Orgelmer,
1290 2145 1312 2174 a
1341 2145 1424 2191 quo

72 2216 220 2271 gentes
254 2211 620 2255 Hrimthursorum
656 2217 759 2256 ortae
801 2217 919 2270 sunt,
962 2209 1318 2272 quemadmodum
1352 2217 1425 2255 te-

73 2297 207 2336 statur
230 2292 346 2337 Valae
374 2292 609 2336 vaticinium
636 2292 826 2337 brevius:

72 2428 176 2461 hrimi
202 2429 243 2462 tir
265 2427 345 2475 pat,
378 2440 415 2462 er
440 2430 481 2462 af
501 2428 578 2462 stoo
602 2429 750 2469 eitrinu,
786 2428 998 2472 Rem—¹⁰)
1025 2440 1047 2462 a
1073 2428 1188 2471 [hvert
1215 2429 1335 2462 hrimit
1356 2430 1428 2473 yfir

72 2493 192 2532 annat,
222 2490 278 2525 W.
307 2509 353 2515 —-
389 2490 438 2534 11)
463 2489 567 2524 noror
592 2494 706 2533 aettar‚
744 2489 796 2522 W.
827 2508 866 2514 —
897 2489 946 2533 ¹²)
971 2490 1030 2533 af,
1066 2490 1156 2525 Res.
1187 2509 1233 2514 —
1269 2491 1320 2535 ¹³)
1346 2491 1425 2533 aut,

73 2551 157 2584 add.
187 2551 242 2585 W.
274 2571 319 2576 -—
355 2551 406 2596 ¹4)
432 2552 731 2595 Muspellsheimi,
761 2553 800 2594 U,
825 2552 913 2586 Res.
950 2570 990 2577 —
1022 2551 1070 2595 ¹⁵)
1096 2552 1177 2594 late,
1208 2551 1269 2593 W,
1299 2552 1345 2595 U,
1377 2552 1426 2592 H,

73 2611 188 2645 St.—
206 2612 258 2656 ¹⁶)
284 2624 306 2646 a
324 2613 452 2656 [maetti
474 2613 623 2647 hriminu
647 2613 730 2646 blaer
754 2613 882 2655 hitans,
914 2612 979 2655 W3
1005 2613 1146 2645 blaerinn
1173 2613 1299 2646 himins
1322 2612 1426 2645 maetti

72 2673 240 2715 hn'mino,
268 2674 315 2707 H.
352 2694 397 2698 —
439 2675 485 2719 ¹⁷)
521 2674 664 2718 likindi‚
705 2675 761 2708 W.
799 2694 844 2699 —
885 2675 932 2718 ¹⁸)
965 2685 1022 2715 er,
1060 2674 1114 2707 W.
1149 2693 1190 2700 —
1227 2674 1273 2717 ¹⁹)
1306 2674 1346 2708 id
1371 2679 1428 2707 est

73 2735 301 2777 Hyndluljoo3
326 2736 413 2770 vide
438 2738 506 2771 hoc
528 2737 659 2781 poiima
684 2737 723 2770 in
750 2737 857 2770 Edda
883 2736 1011 2779 δίψη,
1040 2746 1191 2770 versum
1216 2736 1276 2769 31.
