1811 3256
96 213 144 259 C.
180 208 352 257 62-63.
491 226 551 258 nn
576 224 790 258 mccmosn
815 224 1024 256 PomicA.
1347 208 1438 255 011

93 346 295 410 Leyyr,
331 354 379 393 ut
404 346 564 392 Heldor
590 345 760 391 cecinit:

226 429 288 474 Ibi
324 435 369 474 tu
403 445 471 473 res
507 427 709 488 pretiosas
745 441 891 472 eorum

226 509 410 555 divisisti.
481 508 592 568 Ignis
628 508 757 569 clypei
792 523 943 552 sonans

225 591 374 635 volavit
407 606 483 651 per
515 588 835 634 multitudinem.
903 589 967 632 Tu

224 672 391 717 victoria
427 686 638 732 nunquam
675 668 861 729 dejectus
898 685 958 714 es.

158 765 237 814 63.
306 769 408 812 Haec
443 774 539 812 sunt
580 766 745 810 nomina
778 771 1038 826 temporum:
1075 767 1287 826 seculum,
1324 768 1439 826 olim,

92 855 207 907 aetas,
234 847 409 908 pridem,
450 863 595 906 annus,
633 854 852 905 semestre,
882 847 1029 906 hiems,
1065 854 1202 907 aestas,
1235 864 1321 907 ver,
1358 864 1440 892 au-

91 936 274 987 tumnus,
295 929 464 987 mensis,
485 927 729 986 hebdomas,
751 928 854 987 dies,
874 944 970 986 nox,
991 934 1155 989 tempus
1175 931 1439 988 matutinum,

90 1025 256 1070 vesper,
276 1011 578 1070 crepusculum,
609 1025 746 1067 mane,
777 1016 955 1065 mature,
985 1025 1095 1067 sero,
1125 1026 1206 1054 una
1225 1010 1326 1068 vice,
1347 1011 1439 1071 pri-

91 1089 173 1151 die,
202 1090 403 1151 proxime,
431 1090 533 1148 heri,
555 1105 658 1147 cras,
685 1090 802 1148 hora,
831 1095 984 1134 statum
1003 1097 1167 1150 tempus
1187 1090 1282 1134 diei.
1318 1093 1439 1136 Prae-

89 1177 206 1216 terea
234 1171 320 1215 haec
346 1171 476 1215 noctis
504 1169 703 1214 vocabula
742 1176 964 1214 occurrunt
991 1170 1031 1214 in
1057 1171 1329 1216 Sermonibus
1359 1173 1439 1216 ΑΙ-

89 1251 243 1297 svinni:

220 1330 350 1378 Note
383 1338 554 1378 vocatur
588 1331 696 1376 inter
730 1332 942 1390 homines,

221 1412 364 1460 uiola
399 1429 498 1459 vero
534 1412 572 1457 in
610 1414 747 1472 Orco,

220 1495 424 1557 appellata
460 1501 524 1539 est
553 1501 721 1554 yrz'ma
755 1495 863 1539 inter
896 1496 1035 1552 Deos,

222 1591 377 1636 osory
412 1583 560 1620 vocant
594 1576 809 1635 gigantes,

218 1659 312 1703 Alvi
348 1659 709 1718 sveflzyaman,

218 1738 323 1785 Nani
359 1737 745 1784 draumm‘orun.

90 1829 157 1874 Ab
187 1827 435 1888 aequinoctio
470 1833 692 1870 autumnus
727 1833 791 1870 est
816 1826 868 1870 ad
896 1827 997 1872 illud
1022 1835 1212 1890 tempus,
1256 1845 1339 1890 quo
1375 1831 1437 1875 sol

90 1907 239 1954 occidit
257 1908 357 1952 hora
387 1903 451 1970 42}
478 1913 572 1967 post
597 1906 836 1965 meridiem,
873 1914 962 1953 tum
988 1909 1119 1955 hiems
1149 1917 1365 1971 estusque
1385 1911 1437 1955 ad

89 1989 405 2051 aequinoctium3
451 1994 539 2032 tum
574 2004 646 2032 ver
681 1995 745 2033 est
779 1987 831 2033 ad
867 1988 953 2034 dies
989 1991 1304 2050 migrationum3
1347 1999 1436 2037 tum

88 2077 208 2116 aestas
234 2085 367 2130 usque
394 2068 444 2112 ad
482 2069 787 2129 aequinoctium.
872 2071 1088 2116 Proximus
1124 2079 1219 2118 ante
1255 2073 1436 2118 hiemem

87 2152 242 2197 mensis
270 2150 517 2195 autumnalis
546 2156 737 2210 vocatur,
772 2152 927 2212 primus
956 2153 1109 2197 mensis
1146 2154 1291 2199 hiemis
1320 2154 1437 2199 audit

87 2232 240 2277 mensis
259 2231 445 2289 lanienae,
476 2230 625 2275 deinde
644 2232 797 2277 mensis
817 2233 1010 2293 gelicidii,
1039 2240 1127 2280 tum
1146 2235 1300 2280 mensis
1319 2235 1434 2280 arie-

87 2321 191 2373 tum,
228 2320 318 2357 tum
337 2312 554 2369 Thorrius,
591 2318 679 2356 tum
700 2314 844 2372 Goius,
879 2321 967 2359 tum
986 2319 1137 2361 mensis
1156 2316 1319 2376 unicus,
1346 2323 1436 2361 tum

87 2394 239 2439 mensis
259 2393 391 2438 cuculi
419 2399 461 2437 et
486 2399 650 2453 tempus
677 2395 856 2454 serendi,
892 2402 981 2440 tum
1010 2402 1174 2457 tempus
1203 2413 1374 2442 ovorum
1394 2404 1436 2442 et

87 2557 201 2598 hujtw
227 2557 361 2599 capitis
387 2557 521 2589 omittit
549 2558 586 2590 U.
611 2576 656 2581 —
681 2556 729 2602 ¹⁴)
755 2558 978 2604 iafndiigurs,
1011 2563 1171 2596 Wchart.
1197 2581 1240 2587 —
1266 2561 1316 2604 ¹⁵)
1343 2562 1433 2595 (361-

87 2618 262 2660 manubur,
295 2620 458 2653 Wclzart.

179 2680 214 2721 a)
240 2680 280 2711 de
311 2690 391 2712 voce
428 2674 567 2722 eykdar
598 2676 704 2714 είαδν
734 2681 810 2715 vide
842 2683 932 2717 nist.
967 2684 1048 2718 eccl.
1083 2685 1144 2718 Isl.
1181 2686 1277 2716 Tom.
1302 2684 1329 2717 1.
1354 2693 1432 2725 pag.

92 2739 244 2779 155—6‚
282 2741 336 2773 ubi
371 2741 410 2773 de
444 2745 558 2773 nosti-o
592 2743 662 2774 {oco
696 2743 870 2786 speciatim
904 2745 1028 2788 agitur.
1086 2746 1182 2779 Adde
1208 2745 1342 2779 Annal.
1366 2742 1432 2784 for

87 2799 200 2833 Nord.
228 2801 334 2835 Oldk.
366 2802 552 2835 1810-41.
577 2813 651 2846 pag.
677 2804 823 2838 21—26.
