1811 3256
99 208 146 253 C.
189 206 262 254 18.
513 223 573 255 DE
598 222 816 255 Dic'rloxn
840 220 1051 254 Pomch.
1357 203 1451 249 297

227 354 397 392 strenue
433 361 560 407 aquas
599 343 901 405 pervadebant,

229 443 383 488 gurges
418 443 516 472 vero
553 425 712 471 telluris
749 423 929 482 {luebat7

226 509 302 553 Vir
336 506 592 569 arcipotens!
645 505 779 563 unda,
825 510 1021 548 montana

227 596 476 650 tempestate
514 589 678 645 afflata,
725 601 872 646 magna
909 586 945 629 vi

226 670 414 715 irruebat
447 671 488 714 in
524 670 745 733 liumerum

227 752 404 796 Telluris
448 750 533 795 filii.

226 889 375 932 Donec
410 885 616 932 Thialvius
653 899 699 928 ac
735 884 861 929 ceteri
897 885 1095 944 comites,

229 974 373 1029 suapte
409 973 557 1028 sponte
594 966 765 1025 elevati,
820 965 999 1010 coelestis
1034 968 1267 1026 regnatoris

227 1048 393 1095 tutelari
429 1047 593 1107 cingulo
630 1047 964 1105 sustinebantur3

227 1130 341 1191 quod
375 1129 535 1188 insigne
572 1134 662 1173 erat
696 1128 842 1172 virium
879 1128 1224 1188 experimentum.

226 1214 391 1256 Interea
429 1210 589 1254 seminae
625 1209 834 1269 giganteae

225 1293 475 1349 effecerunt,
513 1297 559 1336 ut
593 1289 790 1350 rapiditas
827 1289 1005 1334 ssuminis

224 1375 287 1419 vel
323 1373 420 1418 ferri
456 1372 650 1417 duritiem
685 1372 882 1416 vinceret.
954 1371 1038 1416 Sed
1074 1371 1291 1431 gigantum

223 1471 346 1516 asper
380 1460 612 1515 prostrator
646 1452 795 1499 baculo
833 1451 972 1499 Gridae
1006 1452 1125 1497 nixus
1161 1452 1395 1499 incedebat.

225 1575 310 1621 Sed
345 1575 469 1620 eorda
506 1575 711 1632 heroum,

221 1657 379 1702 bellum
414 1663 612 1701 montano
648 1654 846 1700 nebuloni

223 1737 511 1791 indicentium„
548 1754 631 1782 non
667 1736 970 1797 palpitaverunt

223 1818 275 1863 ad
310 1818 380 1862 alti
414 1817 578 1862 vorticis
613 1818 791 1862 ruinam.

222 1899 357 1945 Jurati
394 1898 493 1944 socii
529 1898 712 1943 animum
746 1897 863 1942 valde
899 1897 1116 1958 audacem,

223 1979 436 2041 quibusvis
473 1979 621 2040 opibus
657 1979 1014 2040 praestantiorem,
1051 1981 1158 2024 nacti

223 2068 333 2106 sunt.
403 2063 554 2122 Neque
591 2060 764 2120 Thoris,
801 2075 939 2122 neque
977 2061 1148 2106 Thialvii

221 2141 347 2187 corda
382 2157 534 2202 pavore
578 2148 855 2187 tremuerunt.

219 2262 470 2323 Deindeque
507 2262 834 2321 commilitones,
873 2263 1069 2308 auxilium

220 2359 433 2389 armorum
471 2343 739 2389 tectoriorum
776 2344 1100 2404 adspernantes‚

92 2534 136 2576 ¹⁰)
162 2545 184 2566 a
212 2534 287 2576 [sic
313 2536 370 2576 W3
410 2535 450 2567 in
483 2535 574 2578 Req.
612 2536 688 2578 leyi
717 2546 792 2569 non
822 2543 996 2579 possunt.
1025 2556 1066 2562 —
1095 2536 1144 2580 ¹¹]
1171 2538 1228 2571 sic
1254 2540 1313 2581 W;
1349 2539 1446 2582 palli,

87 2595 192 2637 Ray„
218 2597 421 2629 secundam
447 2608 550 2640 quem
577 2601 690 2629 rastar
714 2599 821 2640 pallr‚
848 2600 992 2641 qradus
1016 2600 1198 2642 vorticis,
1223 2600 1328 2641 foret
1351 2611 1446 2633 vor-

90 2661 154 2688 tex
176 2667 367 2701 proeceps,
407 2664 620 2692 calar-ructa
646 2669 837 2701 aquarum.
865 2678 906 2683 -
937 2659 983 2703 12)
1017 2661 1075 2694 sic
1097 2661 1210 2704 Ray„
1248 2662 1310 2703 W,
1336 2662 1376 2694 S.
1401 2679 1448 2686 —-

94 2716 140 2760 ¹³)
168 2717 313 2763 fijai-oar,
343 2720 399 2762 W,
423 2721 465 2754 S.
490 2741 535 2745 »-
566 2720 611 2764 ¹⁴]
638 2720 695 2753 sic
724 2720 790 2763 W3
816 2721 892 2765 legi
917 2722 1046 2765 nequit
1070 2722 1111 2756 in
1136 2722 1228 2766 Ray.
