1811 3256
617 255 860 287 EP1LOGUS.
1324 239 1416 284 227

67 381 234 425 thorum
253 378 373 423 aliter
391 377 516 422 fidem
536 375 692 420 hahere
711 375 880 435 dehent,
918 390 1043 437 quam
1061 376 1416 438 quemadmodum

66 461 106 505 in
125 459 239 504 initio
258 459 380 518 hujus
400 458 491 503 libri
511 463 575 501 est
594 457 866 516 propositum,
896 457 968 501 ubi
989 457 1318 502 demonstratum
1339 465 1418 515 est,

68 541 220 603 quibus
241 540 396 584 caussis
416 539 603 583 homines
624 553 646 581 a
665 552 761 581 vera
780 537 861 581 fide
882 537 1180 598 aberraverint,
1198 538 1346 582 deinde
1367 539 1418 583 de

69 623 233 680 Turcis,
271 620 482 682 quomodo
501 618 667 676 Asiani,
705 618 775 678 qui
793 619 890 662 Asae
911 619 1004 663 dicti
1026 626 1138 677 sunt,
1176 620 1248 664 has
1269 636 1420 663 narra-

69 704 204 747 tiones
234 701 511 762 depravarint,
548 699 732 742 detortas
760 699 875 742 exiis
898 700 1041 754 rebus,
1079 716 1171 760 quae
1191 700 1326 759 Trojae
1346 716 1421 744 ac-

72 784 277 837 ciderunt,
314 788 360 827 ut
379 782 486 827 cives
507 795 579 824 eos
599 778 700 823 deos
721 795 813 824 esse
833 781 1067 826 crederent.

204 865 412 917 Priamus,
450 878 521 906 rex
542 861 700 918 Trojae„
739 861 927 922 princeps
948 869 1038 906 erat
1056 878 1214 922 magna²
1236 863 1424 907 auctori-

77 947 193 1004 tatis,
230 945 422 990 universo
458 944 687 986 Turcarum
728 944 881 1002 populo
918 944 1146 1002 imperans,
1201 944 1317 1003 cujus
1355 944 1422 987 filii

76 1035 245 1073 cunctos
282 1024 469 1070 subditos
505 1023 593 1082 ejus
631 1023 830 1082 dignitate
877 1024 1194 1069 antecellebant.
1263 1025 1424 1069 Eximia

77 1111 145 1154 illa
170 1108 297 1166 aedes,
334 1121 458 1166 quam
477 1105 573 1148 Asae
602 1112 798 1148 vocarunt
830 1104 962 1149 aedem
981 1106 1179 1149 Brimeris
1205 1106 1267 1149 vel
1294 1106 1426 1150 a‘dcm

79 1188 393 1243 cerevisiariam,
431 1187 519 1230 lime
555 1186 630 1229 suit
665 1187 756 1229 aula
786 1186 897 1243 regis
918 1187 1081 1230 Priami.
1154 1189 1291 1241 Quam
1328 1203 1426 1230 xero

80 1275 303 1316 contexunt
323 1268 373 1313 de
394 1267 639 1327 crepusculo
659 1266 834 1310 deorum
854 1268 1018 1325 longam
1039 1268 1330 1325 narrationem,
1352 1269 1427 1311 lioc

79 1351 236 1396 bellum
255 1349 482 1408 Trojanum
502 1355 580 1393 est.
652 1347 867 1392 Traditum
888 1356 972 1406 est,
1013 1342 1279 1394 Okutliorem
1306 1355 1431 1408 caput

80 1432 285 1477 bubulum
306 1446 412 1475 escae.
434 1430 525 1474 loco
545 1430 667 1473 hamo
687 1429 948 1489 imposuisse,
981 1431 1316 1490 Serpentelnque
1346 1430 1431 1472 cir-

82 1519 419 1558 cumterraneum
463 1511 515 1555 ad
558 1510 788 1569 marginem
837 1526 970 1571 usque
1007 1511 1155 1567 navigii
1186 1511 1431 1559 extraxisse,

83 1600 322 1655 serpentem
341 1609 438 1636 vero
459 1593 512 1636 ita
532 1593 653 1636 vitam
676 1592 911 1635 retinuisse.
950 1599 994 1635 ut
1018 1593 1054 1635 in
1075 1608 1190 1636 mare
1211 1591 1432 1635 desiderit:

85 1676 172 1720 haee
192 1675 297 1719 dicta
318 1674 482 1719 suntad
511 1673 747 1733 exemplum
778 1672 866 1731 ejus
898 1674 1166 1723 narrationis,
1206 1672 1434 1717 secundum

87 1771 213 1817 quam
240 1757 402 1800 Hector
428 1755 745 1809 Volucrontem,
784 1755 1056 1798 excellentem
1077 1756 1219 1808 heroa,
1258 1754 1437 1798 interfe-

88 1837 157 1895 cit,
193 1837 234 1880 in
253 1842 478 1896 conspectu
498 1836 637 1894 magni
658 1835 763 1879 illius
783 1835 967 1889 Achillis,
999 1852 1122 1896 quem
1144 1837 1222 1880 hoc
1242 1834 1366 1879 modo
1387 1833 1438 1877 ad

89 1934 134 1963 se
154 1917 319 1976 adlexit,
356 1923 561 1977 praetento
591 1916 723 1976 capite
751 1916 982 1974 interfecti,
1020 1932 1144 1976 quem
1165 1932 1439 1976 comparare-

88 2006 187 2044 runt
222 2015 317 2043 cum
351 1998 474 2056 bove,
512 1996 628 2055 cujus
656 1997 788 2057 capite
819 1991 1015 2042 Okuthor
1050 1997 1259 2041 utebatur.
1297 1998 1441 2051 Quum

90 2096 189 2126 vero
208 2079 390 2125 Achilles
416 2084 588 2138 propter
607 2078 916 2122 contentionem
936 2093 1052 2121 suam
1080 2078 1119 2121 in
1139 2078 1217 2122 hoc
1235 2078 1442 2121 inelucta-

91 2160 174 2206 bile
194 2160 414 2205 discrimen
440 2159 665 2219 perductus
693 2165 819 2215 esset,
857 2159 1024 2202 unicum
1055 2159 1091 2202 ei
1117 2165 1207 2203 erat
1235 2158 1326 2202 vitae
1347 2173 1444 2202 scr-

92 2241 234 2287 vandae
267 2240 515 2299 remedium,
552 2247 599 2284 ut
635 2241 849 2284 mortifero
885 2240 983 2284 ictui
1018 2240 1212 2284 Hectoris
1247 2240 1344 2297 suga
1381 2254 1443 2289 se,

94 2323 280 2384 quamvis
302 2321 481 2378 saucius,
520 2319 789 2365 subduceret.
851 2323 1013 2365 Hector
1031 2337 1200 2381 quoque
1221 2328 1335 2365 tanto
1357 2321 1446 2364 fer-

96 2419 193 2448 vore
221 2418 405 2464 pugnam
434 2402 637 2462 agitasse,
675 2408 917 2463 tantamque
955 2403 1174 2461 ferociam,
1223 2409 1447 2462 consperto

96 2485 274 2542 Achille,
312 2484 510 2527 sumsisse
540 2483 703 2541 dicitur,
742 2484 851 2528 nulla
878 2491 925 2527 ut
951 2500 1019 2527 res
1050 2490 1134 2528 tam
1154 2483 1285 2527 valida
1309 2483 1446 2529 fueritq

97 2571 144 2609 ut
162 2564 199 2608 ei
217 2565 413 2609 resistere
434 2571 598 2624 posset3
637 2565 706 2624 qui
736 2581 863 2624 quum
882 2565 1101 2617 Achillem,
1142 2565 1232 2623 suga
1249 2564 1333 2622 jam
1359 2564 1446 2604 2411-

99 2660 236 2705 psum,
257 2645 408 2689 frustra
429 2653 652 2706 quaereret,
674 2647 858 2690 furorem
879 2645 1037 2689 sedavit
1057 2645 1285 2688 occ-idcndo
1308 2655 1448 2688 nvi-oc,

107 2759 156 2803 ¹⁶)
193 2761 346 2803 Akillis,
384 2763 437 2797 W.
463 2782 504 2786 —
543 2762 592 2805 ¹⁷]
631 2775 651 2795 a
679 2762 842 2804 [reioina
875 2763 963 2804 sva,
999 2764 1049 2796 W.
1083 2782 1128 2785 —
1165 2762 1213 2803 ¹⁸)
1251 2762 1331 2802 sic,
1370 2760 1452 2791 Sive

102 2821 285 2862 Roddvus,
310 2822 420 2865 Req‚;
470 2823 629 2862 Rodvus,
671 2825 737 2865 W,·
763 2825 940 2862 Rodduus,
967 2823 1010 2864 S,·
1043 2824 1178 2864 Rhodu,
1203 2823 1250 2857 Η.

1123 2864 1223 2914 152⁹?
