1811 3256
137 213 186 257 C.
223 209 397 257 49-50.
513 227 821 261 nuoich'rlo
847 227 1109 260 GraviANA.
1404 212 1488 261 181

136 357 273 409 matae,
311 366 408 395 eum
428 349 685 409 defleverint,
724 349 775 394 ad
793 351 900 394 Asas
919 347 1086 406 redibit,
1124 348 1198 393 sed
1217 351 1326 410 apud
1345 353 1491 397 Helam

135 431 349 477 tenebitur
392 430 425 476 si
462 447 542 492 qua
569 446 637 475 res
670 430 899 487 detrectet,
936 436 1008 474 aut
1036 429 1135 474 llere
1163 430 1309 474 nolit.⁷’
1385 434 1491 476 Tum

134 512 376 557 Hermodus
404 512 606 569 surrexit,
642 510 844 556 Balderus
874 526 973 555 vero
1000 526 1095 555 eum
1125 527 1173 555 ex
1194 511 1286 555 aula
1307 510 1491 565 deduxit,

139 600 408 654 sumtumque
427 594 623 638 annulum
641 594 906 651 Dropnerem
920 591 1045 637 Odini
1064 598 1237 636 tesserae
1258 592 1348 636 loco
1367 593 1491 645 misit,

136 677 283 720 Nanna
303 690 400 718 vero
420 674 583 733 Friggae
601 673 767 732 peplum
786 672 989 733 pluraque
1010 673 1120 717 misit
1138 689 1327 730 munera,
1364 674 1492 717 Fulla=

137 772 284 800 aurum
304 755 486 815 digitalc.
555 756 656 798 Post
680 754 766 796 haec
783 754 1025 798 Hermodus
1055 753 1202 798 eadem
1222 754 1282 798 via
1302 761 1490 798 revectus

137 836 374 895 Asgardum
393 835 528 892 venit,
566 834 787 895 omniaque
807 835 1118 893 memorabilia,
1155 850 1248 896 quae
1276 835 1433 879 viderat
1453 845 1489 878 et

136 917 364 973 audiverat,
407 915 669 959 renuntiarit.

269 996 508 1042 Secundum
528 996 616 1040 haec
634 996 731 1040 Asae
752 997 912 1053 legatos
934 1014 1008 1058 per
1025 998 1265 1042 universum
1287 1004 1489 1041 terrarum

134 1079 280 1123 orbem
303 1078 532 1132 miserunt,
569 1077 639 1138 qui
668 1084 883 1137 peterent,
920 1085 967 1122 ut
984 1079 1186 1123 Balderus
1215 1095 1262 1122 ex
1285 1079 1397 1123 Orco
1426 1079 1491 1122 la—

134 1159 271 1203 crimis
299 1158 602 1216 redimeretur;
640 1158 680 1201 id
715 1160 828 1220 quod
862 1175 1007 1204 omnes
1043 1160 1249 1207 fecerunt,
1287 1160 1490 1212 homines,

135 1239 338 1297 animalia,
360 1245 485 1294 terra,
518 1255 628 1293 saxa,
657 1240 844 1297 arbores,
865 1241 1086 1301 omniaque
1114 1241 1300 1297 metalla3
1338 1256 1491 1300 quem-

133 1320 359 1366 admodum
389 1319 500 1364 haud
536 1320 662 1364 dubie
697 1320 831 1365 vidisti
867 1322 939 1365 has
975 1338 1042 1366 res
1079 1311 1267 1366 lacrimas
1300 1321 1490 1378 sundere,

134 1401 302 1462 quando
323 1417 372 1445 ex
392 1402 534 1460 algore
564 1402 603 1445 in
623 1402 805 1446 calorem
824 1403 1032 1447 translatae
1053 1403 1219 1447 fuerint.
1259 1404 1403 1458 Quum
1423 1404 1491 1446 le-

134 1483 234 1543 gati,
271 1481 472 1527 mandatis
492 1483 623 1542 probe
644 1483 840 1541 defuncti,
879 1483 1049 1528 domum
1068 1483 1268 1542 redirent,
1306 1484 1345 1528 in
1374 1491 1491 1528 antro

133 1564 315 1625 quodam
335 1563 555 1623 oreadem,
593 1580 685 1626 quae
706 1564 876 1609 Thakka
896 1566 1142 1621 vocabatur,
1181 1565 1397 1609 sedentem
1417 1581 1490 1609 re—

134 1651 357 1705 pererunt3
395 1646 499 1689 hanc
517 1652 654 1705 orant,
687 1653 733 1691 ut
750 1648 974 1691 Baldorum
994 1663 1042 1691 ex
1064 1662 1161 1691 orco
1182 1647 1357 1690 lacrimis
1378 1646 1489 1690 libe-

134 1733 213 1770 ret.
283 1727 355 1771 llla
375 1726 624 1787 respondet:

396 1808 569 1853 Thakka
605 1808 722 1854 ssebit

398 1889 513 1933 siccis
551 1889 727 1934 lacrimis

396 1969 567 2015 bustum
601 1970 792 2029 Balderi,

396 2067 473 2095 nec
508 2051 598 2096 vivo
634 2068 711 2097 nec
746 2060 912 2098 mortuo
951 2053 1069 2097 fruita
1108 2069 1197 2096 suni

396 2133 507 2177 senis
545 2133 654 2192 filio3

396 2214 577 2259 retineat
611 2215 746 2275 Hela,
794 2215 906 2276 quod
942 2214 1089 2260 habet!

131 2295 322 2356 Suspicio
342 2302 420 2354 est,
452 2296 562 2340 hunc
580 2296 707 2341 fuisse
724 2296 903 2342 Lokium
919 2299 1096 2358 Loveyae
1114 2296 1267 2354 filium,
1304 2296 1374 2356 qui
1395 2295 1493 2356 plu=

131 2377 335 2421 rimorum
354 2377 559 2421 malorum
578 2377 688 2422 inter
705 2378 812 2423 Asas
832 2385 977 2423 auctor
995 2378 1145 2422 extitit.

198 2456 277 2503 50.
347 2459 454 2501 Tum
484 2459 752 2518 Ganglerius:
805 2475 1032 2520 sanequam
1058 2474 1229 2518 magnas
1258 2474 1326 2502 res
1358 2457 1495 2501 effecit

132 2539 304 2596 Lokius,
326 2538 397 2599 qui
417 2545 562 2584 auctor
581 2547 708 2598 esset,
737 2540 870 2600 primo
888 2547 935 2584 ut
951 2539 1153 2584 Balderus
1174 2539 1493 2595 interficeretur,

140 2705 213 2737 ita.-
249 2704 317 2751 par
349 2717 412 2738 var
439 2708 528 2739 Loki
564 2718 702 2740 ravnar.
759 2705 816 2747 Dat
860 2718 896 2739 er
929 2707 1036 2753 grpin
1068 2707 1162 2739 vis-so
1196 2706 1279 2752 pat,
1318 2716 1396 2737 vorv
1429 2704 1494 2749 {mv

141 2765 212 2798 reio
244 2767 364 2806 boka,
399 2768 444 2799 ok
480 2770 527 2801 fal
560 2770 649 2801 hann
682 2768 758 2809 sik,
796 2773 866 2802 ebe.
899 2788 942 2793 —
970 2766 1021 2811 ¹²)
1054 2780 1075 2800 a
1102 2768 1188 2810 [var
1214 2768 1334 2799 bonvm
1361 2766 1493 2798 nokkvt

142 2826 251 2873 pessa
276 2828 383 2869 liefnt‚
409 2830 461 2862 W.
488 2848 531 2854 —
559 2829 609 2874 13)
635 2831 757 2870 kenna,
789 2830 833 2865 11.
