1811 3256
133 233 178 277 C.
201 230 372 277 90-92·
606 247 776 280 anws
815 247 1036 279 mmmm.
1381 229 1471 274 621

393 369 542 415 Hakon
580 370 724 414 illustri
761 385 854 413 cum
889 368 1020 428 gloria

394 451 554 509 regiam
591 457 705 495 tenet
741 450 997 509 dignitatem.

129 533 222 575 Hoc
262 532 352 576 loco
389 532 617 576 enuntiatio
654 531 692 574 in
728 531 860 591 primo
896 530 1076 589 strophae
1113 545 1232 573 versu
1268 530 1472 591 incipitur7

128 612 167 655 in
203 613 348 656 ultimo
384 612 667 666 concluditur,
716 612 783 671 qui
821 627 964 655 versus
1000 610 1073 653 soli
1111 609 1187 653 sibi
1225 612 1473 655 sententiam

128 692 327 736 efficiunt.

224 787 300 832 91.
372 790 474 832 Haec
502 795 644 832 octava
671 788 838 832 variatio
868 795 946 845 est,
986 784 1172 832 te'ltelcz't
1191 787 1471 848 (anaphora):

197 867 270 913 15.
327 871 464 924 Quam
502 876 620 929 pater
655 885 776 923 suus,
824 884 949 929 quem

324 951 501 1011 populus
540 951 766 994 etiamnum
801 949 1067 1007 recordatur,

322 1032 419 1075 olim
456 1032 611 1090 tenuit,
649 1031 770 1091 piscis
807 1030 1016 1074 terrestris

320 1128 470 1156 sonora
508 1114 617 1156 larva
653 1118 776 1172 eaput
810 1112 984 1156 velatus.

320 1193 469 1237 Audax
505 1193 684 1237 bellator
719 1193 914 1252 lapidosae
950 1191 1039 1236 sedi

321 1275 447 1334 regiae
484 1281 650 1334 praeest.
720 1275 834 1331 Rex,
872 1289 1023 1333 magna
1059 1272 1255 1334 praeditus

319 1355 442 1399 animi
480 1354 743 1412 fortitudine7
780 1371 847 1399 res
883 1370 1056 1413 magnas

319 1437 509 1495 molitur,
548 1436 683 1480 animo
721 1451 817 1480 eum
853 1436 1108 1497 impellente.

121 1517 259 1576 Hujus
298 1517 479 1577 strophae
517 1518 629 1577 prior
664 1518 939 1578 semistropha
974 1533 995 1561 a
1024 1516 1272 1577 praecedenti
1301 1518 1469 1577 stropha

122 1598 300 1643 deducta
347 1605 440 1657 est,
489 1605 530 1643 et
565 1598 616 1642 ad
652 1599 757 1643 hane
792 1599 1112 1658 semistropham
1147 1597 1327 1658 pertinet
1361 1614 1467 1657 vox,

123 1676 365 1738 asleidmy
394 1679 622 1738 (clausula)
654 1679 784 1736 dicta,
822 1682 915 1740 q‘uae
948 1680 986 1723 in
1016 1678 1266 1739 praecedenti
1296 1679 1467 1738 stropha

121 1767 306 1805 extrema
342 1761 440 1818 suit,
478 1760 593 1820 cujus
622 1760 909 1820 semistrophae
946 1761 1149 1804 sententia
1177 1760 1358 1821 alioquin
1387 1777 1467 1804 non

120 1848 234 1887 reete
271 1841 514 1886 instituitur.

220 1944 297 1990 92.
366 1948 468 1990 Haee
505 1961 615 1989 nona
652 1946 820 1990 variatio
857 1952 946 1989 est:

192 2026 264 2072 16.
321 2028 481 2072 Cohors
517 2026 703 2071 militaris
739 2026 990 2070 testudinem

319 2107 513 2168 prudenti
548 2107 636 2167 regi
673 2107 898 2152 circumdat
933 2107 1131 2152 adversus

319 2189 497 2233 telorum
534 2188 750 2246 nimbum3
788 2204 907 2232 arcus
944 2188 1186 2247 intenditur,

319 2269 394 2314 sed
429 2270 616 2314 homines
652 2269 708 2328 ibi
744 2269 856 2313 humi
893 2269 1057 2314 cadunt.

316 2352 490 2395 Fractor
525 2349 643 2394 auri!
680 2366 776 2395 acer
810 2350 862 2394 ad
898 2350 1224 2411 oppugnandum

314 2431 555 2476 rubefaetor
589 2446 800 2476 armorum
838 2432 941 2476 latas
978 2438 1101 2476 terrae

122 2567 236 2600 W.—
262 2567 311 2610 Μ)
337 2579 356 2599 a
380 2567 510 2609 [binum
535 2568 633 2609 fyrra
654 2567 909 2609 vlsuhelmingi‚
935 2569 996 2611 W'5
1024 2569 1068 2600 ok
1091 2580 1128 2600 er
1149 2568 1210 2600 sva
1231 2568 1357 2608 breytt,
1382 2566 1464 2597 add.

120 2630 160 2662 U.
186 2648 232 2653 ——
261 2629 310 2672 15)
337 2639 405 2661 om.
430 2630 492 2670 W5
533 2640 552 2660 a
580 2628 667 2670 [om.
693 2630 731 2661 U.
760 2648 798 2652 -
833 2629 879 2671 16)
906 2640 965 2669 vr,
995 2630 1034 2662 U.
1060 2649 1103 2653 —-
1137 2629 1182 2671 17)
1208 2627 1385 2667 vellbvjffl,
1414 2627 1464 2659 W.

118 2690 235 2723 Sei-ior
256 2701 377 2722 manus
393 2689 505 2730 (Joh.
523 2690 652 2733 olan.)
675 2700 792 2733 supra
815 2690 952 2723 lineam
972 2691 1132 2734 scripsit
1153 2702 1168 2723 r
1189 2689 1319 2733 (quasi
1341 2690 1464 2730 legere

116 2753 232 2784 vellet
257 2751 454 2791 vellbriotr)
482 2756 517 2784 et
541 2762 629 2784 mox
648 2751 728 2795 king
749 2761 867 2795 supra
890 2752 946 2801 [og
966 2752 1079 2796 [Περ.
1101 2751 1212 2793 larg).
1239 2770 1282 2774 —
1314 2750 1358 2792 ¹¹³)
1388 2750 1464 2790 larg

116 2812 281 2855 spiotvm,
308 2812 484 2853 divisim,
515 2813 553 2845 U.
