1811 3256
1419 228 1443 252 ν

106 362 134 391 a
170 346 292 389 nobis
334 354 576 402 confisius,
629 343 686 386 ad
727 344 867 385 virum
905 343 1188 385 doctissimum
1226 353 1260 385 et
1297 345 1341 386 in
1382 345 1446 387 liis

107 416 242 460 literis
259 416 588 458 versatissimum
601 411 1157 469 Sveinbjo'rnumEyilsson,
1190 412 1274 454 Dr.
1294 413 1444 465 Tlieol„

106 499 220 528 nune
242 485 391 528 scliolce
415 482 741 539 Reylcjavieanoe
766 483 812 524 in
836 481 1032 524 Islandia
1057 491 1275 533 rectorem,
1307 492 1446 526 trans-

106 556 258 597 missus
279 562 349 606 est,
369 555 442 611 qui
457 565 625 609 operam
641 552 784 594 latinoe
802 552 1160 608 interpretationis
1179 552 1448 594 elaborandoe

109 638 162 666 eoe
204 625 370 681 optione
415 622 579 678 colleyii
615 624 752 664 nostri
787 630 1039 678 susceperat.
1110 621 1277 664 Praeter
1320 622 1449 663 inter-

101 694 380 750 pretationem
401 692 576 734 latinam
594 692 662 733 vir
680 691 970 733 celeberrimus
988 691 1178 733 carmina
1196 691 1240 732 in
1257 691 1449 732 ordinem

101 763 346 820 prosaicum
388 760 549 817 redeyit
601 770 637 803 et
680 761 985 803 commentariis
1029 761 1263 811 instruent,
1317 760 1450 803 multa

110 832 231 875 etiam
260 831 311 873 de
341 831 440 873 locis
472 830 787 888 difficilioribus
818 829 1027 886 sagaciter
1052 838 1087 872 et
1112 830 1227 872 docte
1249 830 1451 872 disseruit

110 910 145 944 et
180 899 397 942 nobiseum
436 900 767 942 conmzuntcavu.
843 900 929 943 Sed
968 913 1094 957 quum
1133 899 1285 941 deinde
1321 913 1447 956 opus,

109 972 170 1013 ita
198 970 509 1022 instauratum,
545 970 663 1027 prelo
698 969 952 1012 submissum
988 979 1072 1021 est,
1111 970 1251 1023 forma
1281 969 1386 1012 libri
1415 978 1451 1012 et

108 1039 219 1082 ratio
248 1040 552 1097 typographica
581 1053 666 1082 non>
689 1040 906 1096 pernu'sit,
939 1048 985 1081 ut
1013 1041 1266 1081 constructio
1299 1039 1451 1081 carmi-

108 1123 221 1160 num,
252 1110 386 1152 varice
409 1110 599 1152 lectiones
625 1118 659 1152 et
683 1109 970 1152 commentarii
983 1123 1058 1151 suo
1075 1108 1160 1151 loco
1178 1108 1450 1159 adderentur,

110 1193 241 1236 quare
264 1181 546 1222 necessarium
570 1180 652 1234 fuit
675 1179 760 1221 liceo
783 1179 906 1221 aliter
930 1178 1146 1230 ordinare,
1180 1187 1214 1221 et
1232 1179 1452 1220 lectionum

107 1249 350 1292 varietatem
359 1257 480 1306 atque
491 1249 752 1291 observation
760 1264 797 1291 es
802 1248 1096 1305 pliiloloqicas,
1109 1263 1234 1291 sensu
1244 1249 1452 1291 strictiori

109 1333 153 1361 eo
168 1318 442 1376 pertinentes,
474 1320 607 1361 textui
630 1319 850 1376 subjicere,
884 1320 1230 1361 constructionem
1244 1332 1341 1360 vero
1359 1332 1450 1360 car—

107 1390 268 1431 minum
298 1397 333 1431 et
364 1389 676 1431 commentarios
708 1388 764 1431 ad
793 1389 1081 1431 additamenta
1106 1378 1317 1444 ableya7·e.

218 1458 375 1501 Prodit
390 1459 522 1513 2'9itur
538 1460 583 1500 in
599 1458 673 1501 lioe
682 1460 824 1516 primo
840 1459 1047 1501 volumine
1062 1457 1190 1500 Eclda
1207 1458 1452 1501 Snorriana

102 1529 283 1586 proprie
311 1528 373 1571 sio
403 1529 542 1580 dieta,
583 1530 847 1586 complectens
878 1528 1204 1584 Prcefationem‚
1239 1528 1453 1586 Ludificas

111 1600 262 1641 tionem
309 1598 561 1654 Gylvianam
612 1599 939 1654 (Gylfaginning‘)
958 1633 968 1649 ‚
1030 1599 1250 1642 Sermones
1295 1599 1454 1654 Brayii

112 1670 445 1723 (Bragaraebur),
479 1668 636 1711 librum
662 1669 711 1711 de
736 1669 918 1711 dictione
935 1670 1103 1726 poetica
1131 1670 1453 1721 (Skfildskapar-

111 1740 191 1782 mt'll
231 1752 322 1795 quoe
357 1738 481 1794 vulqo
519 1739 666 1782 Skfflda
712 1739 922 1790 dicitur),
970 1747 1005 1781 et
1047 1739 1205 1781 Clavim
1239 1738 1454 1780 metricam

113 1809 327 1860 (Hintatal)
347 1808 508 1851 Snorri
524 1808 718 1860 fflurloei,
753 1823 843 1865 qua>
865 1809 951 1851 tria
975 1810 1166 1851 carnn‘na
1188 1809 1232 1850 in
1257 1808 1453 1850 [tenorem

113 1878 309 1920 Halsonis
338 1877 600 1929 Hakonidat,
632 1879 853 1933 Norceqise
884 1880 997 1935 reglis
1029 1887 1064 1920 et
1089 1878 1234 1921 Slsulii
1263 1877 1453 1934 dynastee

113 1947 338 2004 composita
377 1949 580 1999 eontinet,
626 1948 969 2005 interpretatione
1005 1948 1139 1990 latina
1177 1958 1211 1991 et
1241 1955 1453 2005 apparatu

113 2018 257 2060 critico
287 2017 507 2060 instructa.

235 2088 424 2129 Volumen
467 2086 694 2129 seeundum
738 2087 891 2130 deinde
929 2089 1212 2146 complectetur
1250 2096 1452 2131 tractatus

106 2157 405 2215 philoſtryicos,
437 2171 464 2199 a
493 2157 671 2199 diversis
703 2159 944 2201 auctoribus
968 2159 1097 2201 seculi
1120 2171 1222 2200 XII.
1249 2167 1285 2200 et
1306 2171 1451 2207 xlm„

114 2236 150 2270 et
192 2229 301 2270 inter
344 2242 408 2270 eos
459 2242 486 2270 a
530 2232 655 2284 poe'ta
705 2227 974 2270 celeberrimo
1022 2227 1152 2271 Olavo
1200 2229 1452 2275 hvitaskzild,

114 2298 398 2354 conscriptos,
454 2297 529 2354 qui
569 2299 615 2339 in
660 2298 797 2339 codice
840 2299 1081 2341 Wormiano
1126 2306 1161 2340 et
1201 2297 1452 2354 fraymentis

111 2367 437 2410 membranaceis
464 2368 627 2424 optimoe
654 2376 759 2409 noue
787 2369 1018 2411 collectioni
1039 2367 1216 2410 Eddieee
1239 2367 1455 2422 subjuncti

114 2438 402 2480 inveniuntur.
461 2437 628 2480 Deinde
643 2446 836 2494 sequetur
845 2437 982 2480 Eddoe
995 2438 1262 2488 Snorrianoe,
1276 2436 1454 2494 proprie

113 2509 175 2550 sio
204 2507 349 2559 dicae,
381 2517 516 2551 teoetus
548 2508 737 2559 brevior,
777 2521 829 2549 eee
860 2508 997 2551 codice
1025 2508 1339 2551 membranaceo
1373 2506 1453 2562 Up-

114 2578 292 2620 saliensi
300 2594 313 2630 ‚-
336 2586 545 2634 pra’terea
565 2577 757 2633 srafflnen
767 2587 820 2629 ta,
855 2592 946 2635 quoe
969 2578 1026 2620 ad
1049 2578 1156 2621 lianc
1181 2577 1454 2620 collectionem

108 2649 324 2703 pertinent
352 2657 423 2690 aut
452 2648 659 2704 insiynem
691 2647 819 2689 lucem
849 2649 1037 2691 critictnn
1066 2647 1312 2709 offendunt,
1346 2646 1454 2687 inter

117 2730 207 2773 quoe
230 2718 418 2777 primum
447 2717 580 2760 locum
604 2727 776 2774 occupat
793 2727 1078 2774 pervetustum
1100 2717 1209 2760 illud
1234 2725 1269 2758 et
1290 2716 1453 2772 optimce

115 2794 222 2828 notoe
258 2787 564 2842 fragmentum,
611 2787 723 2843 quod
767 2787 811 2829 in
854 2788 1028 2830 seriniis
1066 2782 1452 2841 Arnamaqnoeanis
