1811 3256
51 209 98 253 C.
137 206 215 252 51.
426 224 732 259 LUDIFICATIO
760 225 1013 258 aravum.
1318 208 1407 254 189

182 348 299 391 Tune
317 347 490 403 accidet,
517 347 630 408 quod
648 346 874 392 admodum
893 346 1164 390 memorabile
1185 345 1404 403 videbitur,

50 435 97 472 ut
112 430 255 488 Lupus
286 429 416 472 solem
443 428 639 487 devoret,
677 427 789 488 quod
815 427 1003 470 homines
1024 443 1148 486 grave
1168 427 1407 471 incommo-

51 509 150 552 dum
187 509 435 553 existimant.
505 511 603 554 Mox
640 509 744 552 alter
767 510 911 567 Lupus
948 508 1086 552 lunam
1125 509 1283 565 aufert,
1338 509 1407 568 qui

51 605 220 650 quoque
256 606 453 647 magnum
490 590 624 633 adfert
657 588 984 633 incommodum.
1066 590 1207 633 Stellae
1245 605 1267 632 e
1303 590 1408 633 eoelo

50 678 316 715 evanescunt.
353 673 460 715 Tum
480 671 580 715 illud
600 671 724 714 etiam
746 669 838 713 novi
859 669 1020 727 accidit,
1058 669 1171 730 quod
1191 676 1277 714 tota
1297 676 1409 714 terra

50 766 144 795 eum
163 752 335 811 rupibus
365 752 469 796 adeo
490 757 664 809 tremet,
701 757 748 794 ut
777 749 950 794 arbores
981 766 1003 794 e
1033 756 1142 794 terra
1162 751 1406 803 evellantur,

49 847 176 892 rupes
197 840 415 892 corruant,
454 847 598 876 omnes
627 831 850 891 compedes
872 838 914 875 et
942 831 1098 875 vincula
1119 831 1410 891 diffringantur

51 920 94 957 et
120 913 422 974 dirumpantur.
494 915 602 958 Tum
620 914 765 972 Lupus
784 914 946 956 Fenrer
971 913 1140 956 vinculis
1161 912 1408 957 exsolvitur:

52 1001 150 1038 tune
187 1010 367 1039 oceanus
398 1001 528 1038 terras
557 994 760 1037 violenter
787 993 961 1051 invadit,
1000 1009 1050 1038 eo
1081 993 1192 1054 quod
1226 995 1408 1053 Serpens

50 1076 448 1133 circumterraneus,
497 1076 637 1118 surore
669 1074 863 1133 giganteo
891 1081 1130 1135 correptus,
1185 1074 1223 1118 in
1253 1082 1409 1119 terram

50 1157 223 1201 invadit:
260 1163 348 1201 tum
369 1171 536 1216 quoque
557 1156 707 1215 evenit,
735 1162 781 1200 ut
800 1156 1034 1215 Naglfarius
1054 1156 1252 1213 solvatur,
1281 1155 1407 1210 navis,

52 1254 145 1298 quae
165 1238 222 1281 sie
239 1243 425 1295 vocatur,
464 1252 513 1280 ex
533 1236 744 1296 unguibus
765 1244 1028 1281 mortuorum
1049 1237 1262 1280 hominum
1282 1237 1408 1289 sacta3

50 1318 231 1379 ideoque
260 1333 412 1377 magna
432 1318 568 1362 cautio
589 1324 680 1376 est,
728 1318 875 1378 nequis
903 1316 1118 1376 unguibus
1146 1314 1227 1361 non
1248 1333 1410 1378 praese-

51 1399 125 1444 etis
136 1399 353 1458 moriatur,
374 1398 564 1459 quodille
584 1399 709 1443 homo
729 1399 906 1443 multum
918 1405 1043 1458 auget
1061 1399 1277 1443 materiam
1298 1400 1410 1444 navis

51 1479 265 1540 Naglsarii,
303 1496 427 1540 quam
447 1480 516 1524 Dii
536 1480 809 1540 hominesque
830 1496 924 1524 sero
946 1481 1093 1524 saetam
1115 1480 1309 1540 optarint.
1364 1481 1410 1525 In

51 1562 129 1606 ista
148 1568 289 1606 autem
309 1560 454 1605 oceani
473 1561 969 1621 aestuationeNaglsarius
990 1562 1108 1622 aquis
1127 1562 1254 1606 innat.
1292 1564 1411 1623 Hry-

51 1659 144 1687 mus
164 1657 316 1686 nomen
338 1649 402 1686 est
420 1642 594 1702 giganti,
632 1642 702 1703 qui
720 1643 977 1702 Naglsarium
998 1643 1220 1702 gubernat.
1266 1646 1411 1703 Lupus

52 1730 192 1768 autem
219 1725 379 1768 Fenrer
405 1724 509 1768 rictu
539 1724 678 1768 hiante
712 1724 897 1783 proruit,
945 1724 1061 1784 eujus
1091 1740 1185 1785 pars
1222 1724 1414 1784 superior

52 1805 218 1862 eoelum,
248 1804 419 1848 inferior
437 1811 593 1848 terram
613 1804 804 1863 adtingit,
840 1805 989 1850 rictum
1008 1806 1127 1849 latius
1149 1804 1410 1860 diducturus,

54 1886 85 1930 si
106 1886 279 1945 amplius
309 1885 488 1945 spatium
515 1892 777 1945 superesset:
814 1886 933 1945 ignes
960 1902 1010 1930 ex
1031 1886 1159 1930 oeulis
1181 1892 1223 1930 et
1241 1885 1411 1931 naribus

53 1966 143 2025 ejus
180 1966 341 2010 ardent.
424 1967 607 2026 Serpens
644 1966 1021 2012 eireumterraneus
1067 1973 1228 2012 tantum
1263 1968 1412 2012 veneni

53 2047 184 2106 efflat,
221 2053 268 2091 ut
288 2053 398 2091 totos
418 2047 546 2091 coelos
566 2054 609 2092 et
627 2064 754 2109 aquas
774 2047 1014 2109 adspergat,
1035 2047 1262 2093 admodum
1284 2049 1413 2093 terri-

53 2128 163 2188 bilis,
201 2128 321 2173 alteri
339 2128 445 2188 Lupi
465 2128 583 2171 lateri
604 2128 838 2174 adliaerens.
894 2131 941 2174 In
962 2129 1041 2173 hoe
1062 2130 1241 2174 tumultu
1260 2130 1413 2175 eoelum

53 2208 295 2268 diffinditur,
316 2209 497 2269 indeque
518 2209 587 2253 filii
600 2210 794 2270 Muspelli
815 2211 933 2271 equis
954 2209 1239 2268 advehuntur3
1261 2213 1412 2256 Surtus

55 2291 209 2351 primus
230 2291 403 2352 equitat,
441 2306 566 2352 quem
585 2290 690 2350 ignis
711 2297 753 2335 et
772 2291 971 2351 praecedit
990 2299 1032 2336 et
1051 2292 1263 2352 sequitur:
1302 2293 1412 2337 ensis

53 2371 143 2431 ejus
171 2378 235 2416 est
260 2371 458 2430 eximius,
512 2371 779 2431 splendorem
824 2373 910 2417 sole
947 2372 1165 2416 clariorem
1201 2374 1411 2419 emittens.

52 2452 253 2511 Bivrasta,
291 2452 353 2496 his
373 2452 712 2511 transeuntibus,
750 2452 1022 2513 diffringitur,
1059 2460 1107 2498 ut
1124 2454 1238 2515 prius
1258 2454 1414 2499 dictum

53 2562 67 2594 ί
92 2561 234 2608 ἴηεενηι
260 2564 332 2607 guy
356 2563 437 2611 rspa
461 2563 628 2606 Mvspellz
653 2562 775 2604 meg-ir,
803 2564 842 2596 U.
868 2582 911 2588 -
937 2562 985 2607 ¹⁵)
1013 2565 1095 2605 ferr,
1124 2565 1180 2606 113
1207 2575 1265 2598 om
1280 2566 1344 2598 .W.
1370 2583 1414 2587 —

60 2622 108 2664 ιθ)
134 2623 206 2655 Hic
238 2623 374 2666 incipit
406 2625 610 2657 secundum
642 2623 898 2667 fraqmerttum
929 2627 1132 2661 membran.
1169 2628 1263 2663 756.
1292 2645 1337 2651 —
1369 2625 1415 2668 ¹⁷)

56 2683 137 2716 756
164 2693 311 2727 semper
335 2686 508 2722 Musfellz.
546 2705 586 2709 -
625 2685 672 2729 18)
697 2687 787 2729 Rey.
814 2687 929 2720 scrib.
956 2689 1074 2729 saeka3
1101 2687 1194 2734 rspa,
1222 2688 1269 2721 H.
1294 2705 1339 2711 —-
1369 2686 1415 2728 ¹⁹)

57 2743 114 2776 sic
127 2745 179 2784 W,
204 2747 298 2788 756,
323 2745 432 2789 Res-,-
457 2748 478 2781 εἰ
503 2746 676 2793 βίηςνὸΗ,
703 2748 851 2791 Re9.-
867 2747 923 2791 ²⁰)
949 2759 970 2781 a
997 2748 1098 2795 [ripa
1122 2749 1143 2782 a
1168 2747 1291 2781 vollinn
1318 2747 1414 2788 Vig-

59 2803 195 2850 τίβὶηη,
223 2806 260 2841 U.
