1811 3256
90 178 137 222 C.
175 173 251 220 44.
498 192 557 223 DE
584 191 796 224 nic'riosss
823 190 1028 222 POETch.
1348 176 1441 222 397

88 314 233 361 krakio
261 320 531 374 aperuerunt.
600 313 674 358 Ille
702 313 839 358 statim
864 312 944 357 iter
970 311 1148 372 Upsalos
1175 317 1442 375 comparavit,

89 410 303 458 quumque
321 409 445 440 naves
465 410 561 439 suas
581 394 621 438 in
641 409 804 438 amnem
815 393 985 454 Fyrium
1004 393 1247 454 appulisset,
1267 396 1442 456 Upsalos

90 477 302 538 equitavit,
338 476 557 521 comitatus
595 474 813 520 duodecim
849 474 1012 519 athletis
1049 475 1148 532 suis,
1186 476 1255 536 qui
1291 478 1442 522 nullam

89 558 253 620 depacti
290 557 559 602 securitatem
594 557 774 601 fuerant.
843 556 883 601 A
917 562 1052 600 matre
1081 557 1189 601 Yrsa
1216 556 1444 604 liberaliter

89 646 302 700 acceptus,
340 645 382 683 et
409 639 447 682 in
477 637 778 695 deversorium,
814 653 896 681 non
925 637 964 681 in
994 637 1131 682 aulam
1152 638 1325 698 regiam,
1363 640 1445 685 de-

89 720 238 765 ductus
259 727 337 765 est.
406 720 486 764 Hic
510 720 701 779 ingentes
720 718 838 776 ignes
859 718 905 763 iis
925 719 1102 778 accensi,
1140 721 1442 781 cerevisiaque,

91 818 217 863 quam
244 801 464 860 biberent,
517 800 626 844 data.
694 800 793 845 Mox
820 799 997 859 ingressi
1027 800 1147 844 aulici
1176 802 1263 861 regi
1288 803 1445 849 Adilsis

91 882 202 942 ligna
223 882 261 927 in
280 883 421 941 ignem
440 883 685 941 injecerunt,
721 886 890 941 tamque
917 881 1209 926 vehementem
1237 882 1445 930 flammam

92 963 339 1021 excitarunt,
375 968 422 1006 ut
442 969 577 1007 vestes
596 962 716 1008 Rolvi
742 977 789 1006 ac
807 977 979 1006 suorum
1000 962 1365 1024 comburerentur,
1403 974 1447 1012 et

91 1044 216 1089 locuti
237 1049 352 1088 sunt:
388 1059 438 1088 an
465 1058 608 1087 verum
627 1049 707 1101 est,
742 1043 920 1089 Rolvum
938 1042 1129 1088 krakium
1155 1044 1329 1106 ejusque
1349 1048 1447 1092 ath-

92 1125 197 1170 letas
216 1139 354 1185 neque
372 1124 510 1183 ignem
529 1139 666 1184 neque
688 1124 842 1168 ferrum
861 1123 1120 1169 formidare?
1172 1126 1279 1171 Tum
1300 1129 1447 1173 exsiliit

90 1207 246 1253 Rolvus
265 1205 435 1250 krakius
456 1205 603 1266 suique
623 1219 784 1249 omnes.
853 1204 932 1250 Hic
951 1205 1017 1250 ille
1037 1205 1203 1251 dicens:

354 1286 599 1345 Augeamus
636 1285 771 1330 adhuc
805 1286 920 1346 ignes
1207 1270 1211 1274 i

354 1367 394 1411 in
430 1365 584 1412 Adilsis
620 1367 802 1427 aedibus,

92 1449 280 1510 clypeum
317 1463 439 1493 suum
465 1448 662 1509 corripuit
697 1455 740 1493 et
774 1450 814 1493 in
850 1450 987 1510 ignem
1024 1450 1218 1510 projecit,
1263 1451 1447 1515 dumque

93 1529 266 1575 {lammis
287 1528 601 1588 absumebatur,
638 1545 714 1590 per
739 1530 880 1589 ignem
899 1532 1129 1586 transsiliit,
1158 1533 1245 1578 liaec
1265 1534 1447 1580 addens:

355 1609 482 1656 Haud
515 1609 632 1670 ignes
669 1612 798 1671 fugit,

356 1693 426 1753 qui
462 1690 585 1751 (eos)
619 1693 832 1737 transsilit.

94 1789 210 1834 Idem
230 1803 401 1833 suorum
418 1788 610 1849 quisquc,
647 1804 754 1833 unus
781 1796 876 1849 post
894 1789 1086 1849 alterum,
1125 1791 1233 1851 fecit,
1271 1807 1448 1853 correp-

96 1876 263 1928 tosque,
284 1868 354 1928 qui
374 1868 490 1928 ignes
511 1875 726 1926 auxerant,
755 1869 794 1913 in
815 1869 1000 1914 flammas
1020 1871 1303 1930 conjecerunt.
1341 1875 1448 1918 Tum

94 1949 316 1994 adveniens
344 1950 452 1994 Yrsa
478 1950 609 1996 Rolvo
644 1949 786 1994 krakio
821 1966 950 1995 cornu
979 1951 1157 1997 ferinum
1184 1969 1286 1998 auro
1306 1955 1450 2015 reple-

95 2038 200 2089 tum,
236 2031 490 2091 insuperque
519 2031 716 2075 annulum
736 2030 988 2090 Sviagrisem
1013 2032 1141 2092 dedit,
1178 2050 1367 2095 monens,
1404 2043 1451 2081 ut

96 2112 215 2173 equis
235 2111 287 2156 ad
316 2117 479 2156 ceteros
506 2111 657 2156 milites
686 2112 976 2158 aveherentur.
1046 2115 1193 2173 Itaque
1213 2118 1450 2162 conscensis

94 2193 245 2253 raptim
280 2192 398 2253 equis
435 2192 708 2237 deorsum‘in
745 2208 913 2254 campos
949 2195 1156 2256 Fyrenses
1194 2198 1448 2258 equitarunt.

95 2273 175 2319 Hic
194 2273 386 2318 viderunt
403 2288 549 2333 regem
568 2273 755 2319 Adilsem
774 2290 868 2319 cum
888 2276 1073 2321 exercitu
1102 2278 1222 2338 plena
1243 2286 1451 2324 armatura

95 2354 296 2399 instructo
316 2354 428 2415 ipsos
457 2355 574 2416 equis
604 2354 908 2416 insequentem,
945 2372 1178 2419 necemque
1198 2360 1349 2404 inferre
1372 2377 1451 2405 cu-

98 2519 240 2553 codict‘s
265 2519 377 2562 Reyii
402 2520 586 2562 scriptum
614 2525 687 2553 est:
715 2522 808 2563 „flyi-
833 2525 869 2553 at
893 2521 935 2554 sti
967 2521 1056 2553 elld”
1081 2523 1178 2561 alia,
1216 2528 1257 2555 ue
1280 2523 1452 2564 videtur,

96 2591 220 2613 manu.
234 2600 279 2604 ——
304 2581 353 2623 ¹⁴)
369 2581 460 2623 lilio'p
474 2582 529 2613 hv.
545 2582 585 2613 af
595 2582 679 2619 6612,
696 2582 788 2617 756.
802 2600 844 2606 -
863 2582 1004 2630 ¹⁵)1Jeir
1018 2582 1130 2626 siban,
1153 2585 1236 2616 add.
1252 2585 1327 2629 less.
1343 2603 1383 2609 —
1407 2584 1452 2626 16)

98 2653 118 2673 a
135 2642 237 2685 [kynt
261 2641 365 2674 hisrau
393 2643 525 2685 eldana,
541 2643 617 2686 Ῐεβ.
641 2661 688 2666 —
713 2641 762 2686 ¹⁷]
775 2643 960 2689 balit71ess.
985 2663 1030 2669 -—
1057 2644 1143 2688 ¹⁸)a
1160 2644 1238 2690 [bvi
1263 2649 1350 2678 naest
1373 2647 1452 2677 kom

97 2701 166 2748 par
194 2702 286 2736 Yssa
312 2704 499 2744 drottning‚
526 2703 602 2748 Ῐεβ,
626 2722 671 2727 -
702 2702 746 2747 ¹⁹)
767 2703 829 2737 libs
844 2706 932 2747 sins,
958 2705 1052 2746 756,
1078 2706 1155 2751 Ῑεβ.
1174 2725 1210 2731 -
1240 2706 1289 2749 ²⁰)
1314 2706 1452 2748 hlaupa,

98 2763 191 2796 756.
218 2781 261 2788 —-
288 2763 338 2805 ²¹]
365 2763 459 2803 ribv,
490 2764 545 2805 W,
573 2765 666 2799 756.
692 2783 735 2789 —
762 2763 812 2807 22)
838 2767 920 2802 add.
946 2776 995 2799 ex
1021 2772 1116 2807 cett„
1143 2769 1210 2801 sed
1232 2768 1324 2809 Περ.
1351 2777 1419 2799 om.
