1811 3256
94 193 141 239 C.
178 190 351 238 43-44.
494 209 553 241 οε
578 206 802 240 DicTioxE
829 205 1045 238 Poss'ricA.
1349 187 1441 233 393

352 332 457 376 Eam
494 330 631 374 Feniae
668 329 839 372 farinam
876 334 1043 387 gestant

353 410 569 473 splendida
605 410 733 454 latera
771 423 875 453 meae
911 409 1093 466 securis,

354 493 465 553 ligno
502 497 667 552 aptatae.
735 490 864 549 Regis
901 489 1116 534 clementis

353 573 526 634 pecunia
562 570 830 632 spectabilem
864 569 1001 615 reddit
1036 574 1218 632 poetam.

94 654 162 701 Sic
195 655 344 699 cecinit
377 654 493 713 Egil:

353 735 551 780 Delectat
585 733 766 778 virorum
801 732 1107 779 multitudinem

354 815 495 861 Frodii
531 814 674 860 farina.

159 895 239 943 44.
308 899 399 944 Rex
428 896 595 958 quidam
620 895 768 940 Daniae
797 896 1031 941 nominatus
1069 902 1133 941 est
1157 896 1314 943 Rolvus
1342 895 1446 939 kra-

92 979 201 1037 kius⁷
238 979 470 1039 priscorum
501 992 649 1037 regum
674 976 713 1021 in
738 977 878 1037 primis
907 976 1169 1033 liberalitate,
1208 976 1446 1021 fortitudine

94 1067 138 1106 et
171 1060 376 1105 modestia
411 1059 652 1118 (comitate)
681 1057 994 1103 celeberrimus.
1067 1059 1195 1118 Cujus
1231 1057 1447 1102 modestiae

93 1157 246 1200 unum,
284 1141 397 1202 quod
414 1140 683 1184 relationibus
703 1138 742 1183 in
762 1139 901 1199 primis
920 1138 1173 1198 celebratur,
1211 1139 1447 1199 exemplum

92 1223 175 1267 tale
201 1229 280 1267 est.
348 1222 554 1267 Puerulus
585 1219 752 1281 quidam
780 1234 961 1280 pauper,
1008 1221 1073 1265 cui
1100 1222 1249 1280 V'oggo
1278 1235 1448 1276 nornen⁷

94 1303 205 1348 venit
232 1303 272 1347 in
300 1303 436 1347 aulam
462 1302 574 1361 regis
600 1303 733 1361 Rom,
770 1302 839 1362 qui
869 1301 910 1346 id
936 1302 1136 1362 temporis
1159 1301 1322 1362 juvenis
1359 1307 1450 1345 erat

95 1390 219 1429 aetate
246 1390 491 1444 statutaque
528 1383 685 1443 gracili.
754 1384 932 1443 Voggus
967 1398 1111 1443 regem
1140 1383 1239 1428 adiit
1266 1396 1448 1442 eumque

94 1465 267 1510 intuitus
294 1471 370 1510 est.
440 1464 517 1510 Cui
538 1479 635 1509 rex:
673 1463 772 1525 quid
790 1464 902 1524 loqui
922 1465 1097 1525 cogitas,
1134 1480 1255 1525 puer,
1293 1463 1362 1524 qui
1382 1477 1448 1507 me

94 1544 327 1591 intuearis?
392 1547 568 1605 Voggus
604 1552 770 1591 contra:
805 1546 916 1590 domi
951 1563 1080 1607 quum
1116 1561 1277 1605 essem⁷
1315 1543 1450 1589 audivi

95 1627 380 1688 praedicanteS,
414 1627 607 1686 Rolvum,
643 1642 789 1687 regem
806 1627 1122 1684 Hleidrensem⁷
1157 1634 1320 1672 ceteros
1348 1641 1451 1686 sep-

96 1708 330 1755 temtrionis
365 1708 517 1752 incolas
554 1714 724 1753 staturae
756 1708 1039 1768 magnitudine
1077 1723 1299 1769 superare⁷
1340 1721 1452 1751 nunc

96 1806 194 1836 vero
220 1790 299 1834 hoc
327 1789 367 1833 in
396 1789 499 1833 solio
526 1789 722 1849 parvulus
751 1790 870 1834 sedet
896 1790 1022 1850 stipes
1052 1785 1287 1852 (kraki),
1325 1802 1452 1849 quem

96 1886 242 1931 regem
278 1870 472 1915 salutant.
542 1871 649 1914 Tum
683 1885 780 1914 rex:
817 1877 862 1915 tu
897 1870 1017 1929 mihi,
1054 1885 1181 1931 puer,
1218 1884 1452 1929 cognomen

97 1952 264 2011 dedisti,
301 1966 383 2012 quo
411 1951 557 1997 Rolsus
585 1950 751 1995 krakius
781 1951 978 2011 appeller.
1050 1953 1193 2006 Quum
1218 1966 1316 1995 vero
1344 1965 1452 1994 con-

98 2033 273 2078 svetudo
300 2033 429 2091 ferat,
466 2033 564 2076 dato
591 2033 838 2091 cognomine
867 2048 1016 2077 munus
1044 2032 1315 2093 praebendum
1342 2046 1450 2090 esse,

98 2121 225 2175 teque
245 2113 404 2158 videam
424 2113 584 2157 nullum
609 2114 764 2158 habere
784 2130 951 2173 munus,
978 2129 1045 2158 me
1065 2114 1252 2173 (lignum7
1282 2128 1366 2174 quo
1384 2128 1452 2157 me

97 2197 139 2240 in
165 2195 410 2240 memoriam
438 2194 519 2239 dati
550 2195 805 2254 cognominis
826 2195 980 2240 dones:
1017 2202 1345 2240 consentaneum
1372 2200 1451 2251 est,

98 2284 146 2322 ut
165 2277 235 2338 qui
262 2274 430 2331 habeat⁷
466 2276 499 2320 is
529 2292 678 2321 munus
706 2277 825 2320 alteri
854 2276 925 2321 det
935 2291 946 2334 3
983 2275 1299 2337 detractumque
1326 2291 1454 2320 manu

99 2358 298 2402 annulum
318 2357 355 2402 ei
375 2357 502 2403 dedit.
571 2358 651 2402 Hic
669 2359 864 2417 Voggus:
903 2373 1106 2403 summam
1133 2357 1222 2417 tibi7
1258 2373 1346 2417 rex⁷
1384 2357 1453 2401 fe-

100 2439 297 2484 licitatem
332 2455 409 2500 pro
437 2455 610 2484 munere
646 2439 864 2500 adprecor,
899 2447 1126 2501 votumque
1162 2455 1307 2498 voveo,
1346 2439 1453 2499 ejus⁷

100 2599 220 2643 star-ir,
245 2599 330 2645 1233
358 2598 421 2632 sva
446 2609 523 2642 upp,
550 2598 632 2632 add.
654 2600 706 2640 W,
729 2601 822 2633 756.
846 2617 893 2624 —-
919 2598 966 2642 ¹⁵)
993 2600 1019 2640 ι’,
1048 2599 1102 2643 W,
1131 2601 1224 2633 756.
1249 2617 1295 2624 -ν-
1323 2597 1370 2640 ¹⁶)
1397 2597 1455 2631 sic

99 2661 215 2704 Re9.;
240 2662 336 2693 kalla
361 2661 438 2709 peis·
462 2661 551 2709 pann
580 2660 687 2703 (hann
711 2660 808 2705 ἵθβ),
834 2663 887 2702 W,
912 2662 1005 2703 756,
1032 2661 1109 2705 Iess.
1134 2679 1181 2685 —
1210 2660 1256 2704 ¹⁷)
1283 2659 1355 2693 meo
1380 2670 1455 2698 σεε,

103 2723 186 2755 add.
216 2722 270 2756 W.
291 2742 336 2746 —
363 2722 414 2765 18)
442 2726 488 2764 at,
514 2723 592 2766 less.
622 2740 665 2745 ——
695 2721 742 2766 ¹⁹)
768 2723 807 2755 iu
836 2725 924 2767 Ray.
950 2724 1136 2766 scriplum
1162 2722 1309 2769 baegilic.
1335 2740 1378 2744 —
1402 2719 1454 2761 20)

104 2795 124 2815 α
152 2783 297 2826 [synist
322 2784 395 2816 mer
420 2782 482 2829 pat
507 2783 588 2824 rao,
615 2786 648 2815 at
673 2783 712 2816 είί
738 2785 849 2817 okkar
873 2787 952 2826 gefi,
979 2786 1054 2828 Ῐετβ.
