1811 3256
125 163 172 207 C·
209 160 287 207 43·
530 179 589 210 DE
618 178 836 210 merrom
865 177 1077 209 porrum.
1385 161 1479 207 387

385 307 432 346 ut
467 302 507 345 in
545 299 840 345 certaminibus

386 381 574 427 celebres
611 396 825 438 essemus;

385 463 463 508 illic
499 462 760 507 exsecuimus

386 544 515 589 acutis
552 543 678 588 hastis

386 625 628 684 sanguinem
664 639 687 668 e
722 623 986 678 vulneribus,

385 714 429 751 et
464 721 606 751 ensem
640 704 936 750 rubefecimus.

394 818 468 864 15.
539 819 659 863 Nunc
694 816 844 861 delatae
880 833 1023 862 snmus

386 899 440 944 ad
476 900 586 944 aedes
622 899 734 958 regis

383 979 698 1025 immiserabiles

386 1068 428 1105 et
463 1077 539 1121 pro
574 1061 786 1121 mancipiis
822 1060 995 1105 habitae:

384 1158 509 1187 arena
547 1142 686 1186 exedit
719 1143 904 1202 plantas,

384 1223 514 1282 frigus
550 1238 648 1268 vero
685 1223 928 1283 superiora;

383 1304 704 1363 circumagimus
739 1304 972 1348 hostilitatis
1011 1304 1279 1362 sedatricem3

381 1385 501 1431 triste
536 1392 602 1430 est
637 1385 746 1447 apud
780 1384 980 1430 Frodium
1013 1385 1215 1444 (vivere).

390 1497 461 1544 16.
530 1499 679 1544 Manus
717 1498 958 1560 quiescant,

383 1579 486 1640 lapis
523 1578 770 1639 (immotus)
806 1578 953 1638 stabit,

383 1661 511 1706 molui
547 1677 623 1722 pro
659 1677 749 1719 me,

383 1757 477 1786 mea
513 1742 682 1802 quidem
718 1758 768 1787 ex
804 1749 937 1802 parte.

383 1824 478 1867 Jam
513 1822 705 1868 manibus
742 1823 860 1883 quies

384 1903 496 1950 haud
531 1904 646 1949 facile
683 1903 871 1960 dabitur,

385 1984 520 2029 donec
555 1985 653 2030 satis
688 1985 879 2030 molitum

385 2066 563 2112 Frodius
599 2066 821 2111 existimet.

392 2179 463 2224 17.
533 2181 682 2224 Manus
721 2180 903 2223 virorum
940 2187 1063 2224 erunt

385 2275 533 2320 aspera
568 2267 726 2320 rostra,

385 2342 469 2386 tela
504 2356 708 2385 caesorum
743 2357 892 2387 cruore
927 2342 1150 2388 madentia.

384 2422 715 2483 Expergiscere,
750 2422 900 2468 Frodi!

384 2504 713 2564 Expergiscere,
749 2504 894 2550 Frodi!

386 2586 419 2630 si
456 2585 600 2629 audire
636 2585 737 2630 velis

123 2759 158 2802 ³)
185 2759 243 2793 sic
258 2765 359 2802 θείω
386 2759 425 2792 in
441 2759 532 2800 Κεφ.
553 2757 638 2799 fere
663 2764 703 2791 ul
725 2759 797 2792 letti
814 2760 1009 2803 scriptum.
1041 2782 1074 2787 --
1100 2759 1135 2802 ²¹)
1160 2770 1274 2801 munu,
1306 2758 1481 2791 Wcltart.

1142 2816 1216 2850 25*
