1811 3256
79 230 126 276 C.
165 228 335 274 21-22·
473 244 774 278 1.UDIF1CAT10
803 244 1061 275 GYLVIANA.
1366 228 1424 274 91

76 369 208 413 mina:
245 367 552 427 Tanngnjostus
587 373 630 411 et
665 364 973 424 Tanngrisner3
1026 371 1068 409 et
1102 366 1303 424 rhedam,
1347 382 1430 426 qua

77 450 259 507 vehit-ur3
296 449 395 493 hirci
431 464 529 493 vero
563 445 734 491 rhedam
761 446 944 489 trahunt.
997 447 1116 490 Hanc
1151 446 1205 490 ob
1241 462 1429 491 caussam

77 536 247 574 vocatur
292 522 500 576 Okuthor.
588 526 705 571 Idem
748 532 833 569 tres
877 541 945 570 res
980 527 1183 586 pretiosas
1220 527 1428 587 possidet:

78 626 256 670 quarum
274 626 356 654 una
375 616 439 654 est
456 609 626 654 malleus
646 606 846 665 Mjolner,
877 620 1003 665 quem
1022 607 1063 651 in
1082 608 1257 652 sublime
1278 608 1429 652 elatum

78 691 246 736 Titanes
272 690 456 751 pruinosi
491 677 742 747 et‘gigantes
777 688 959 731 montani
985 695 1162 746 norunt,
1200 687 1314 748 quod
1348 689 1432 732 mi-

77 773 186 817 nime
213 772 363 816 mirum
390 776 474 829 est,
511 770 575 813 hic
603 769 711 812 enim
735 768 863 812 multa
899 769 1029 829 capita
1065 776 1229 830 patrum
1258 775 1300 813 et
1324 785 1430 814 con-

78 854 401 913 sanguineorum
438 865 584 895 eorum
619 849 819 894 contudit.
898 851 1086 895 Alteram
1122 851 1308 911 possidet
1342 866 1432 895 rem

77 934 322 995 pretiosam,
361 946 538 991 eamque
565 931 967 989 excellentissimam,
1008 931 1216 990 cingulum
1244 931 1430 990 roboris,

79 1030 163 1075 quo
200 1030 328 1076 quum
363 1029 408 1057 se
444 1012 638 1071 cinxerit,
673 1011 804 1056 robur
832 1012 1003 1057 Asicum
1040 1009 1283 1074 [divinum]
1321 1013 1358 1056 ei
1392 1013 1433 1056 in

79 1096 247 1157 duplum
276 1094 437 1139 crescit.
499 1093 683 1138 Tertiam
709 1093 894 1153 possidet
920 1109 1032 1152 rem,
1081 1108 1175 1153 quae
1203 1094 1340 1153 magni
1370 1100 1434 1138 est

78 1177 219 1237 pretii,
263 1191 413 1235 nempe
449 1174 705 1219 chirothecas
741 1174 922 1233 ferreas,
969 1175 1120 1234 quibus
1166 1190 1309 1220 carere
1350 1190 1433 1219 non

78 1262 235 1317 potest,
271 1255 534 1300 manubrium
559 1256 692 1299 mallei
718 1262 1003 1315 prensaturus.
1065 1259 1200 1302 Nemo
1227 1273 1324 1302 vero
1349 1264 1433 1302 tam

79 1345 142 1383 est
166 1338 347 1399 peritus,
384 1344 431 1381 ut
461 1337 596 1381 omnia
628 1336 716 1396 ejus
752 1337 933 1396 ingentia
970 1338 1149 1382 facinora
1185 1354 1432 1383 enumerare

77 1420 223 1464 valeat.
310 1419 480 1464 Interim
532 1417 583 1463 de
626 1434 676 1462 eo
712 1425 775 1463 tot
807 1419 880 1464 tibi
916 1434 983 1463 res
1020 1426 1254 1464 memoratu
1290 1419 1432 1479 dignas

77 1502 235 1546 referre
254 1516 444 1562 possum,
471 1506 518 1544 ut
544 1500 728 1544 futurum
748 1500 819 1559 sit,
848 1507 894 1545 ut
918 1501 1030 1545 horae
1050 1501 1311 1545 sermonibus
1331 1516 1436 1561 pro-

79 1581 301 1641 ducantur,
329 1588 553 1640 antequam
573 1580 731 1640 omnia,
753 1596 846 1640 quae
865 1582 1011 1640 sciam,
1042 1582 1322 1642 expicluerim.

145 1662 223 1708 22.
261 1665 368 1707 Tum
389 1663 654 1723 Ganglerius:
682 1663 914 1722 percontari
933 1664 1024 1708 volo
1043 1679 1111 1708 res
1131 1664 1273 1708 auditu
1293 1663 1436 1723 dignas

79 1743 131 1789 de
158 1744 343 1804 pluribus
370 1744 482 1788 Asis.
538 1744 613 1788 Cui
641 1745 749 1788 Har:
788 1744 891 1788 alter
917 1744 1022 1788 filius
1052 1745 1199 1790 Odinis
1236 1752 1299 1789 est
1333 1746 1436 1790 Bal-

80 1824 228 1883 derus,
259 1824 311 1868 de
339 1839 423 1883 quo
449 1824 558 1869 hona
587 1831 745 1869 tantum
772 1826 931 1869 referre
958 1826 1182 1870 habemus:
1204 1826 1236 1870 is
1257 1826 1435 1886 optimus

80 1911 164 1964 est,
197 1912 239 1949 et
266 1905 456 1949 laudatur
475 1906 525 1950 ab
546 1905 753 1949 omnihus.
810 1905 927 1950 Idem
946 1906 1145 1967 adspectu
1164 1914 1247 1951 tam
1267 1908 1438 1968 pulcher

80 1992 206 2043 estet
224 1986 444 2045 candidus,
475 1993 521 2030 ut
540 1985 805 2046 splendorem
826 1986 1008 2045 emittat,
1037 2003 1204 2047 unaque
1225 1996 1288 2033 est
1308 1989 1437 2034 herba

79 2074 165 2112 tam
183 2067 378 2127 candida,
408 2075 455 2112 ut
482 2083 575 2112 cum
604 2066 694 2112 cilio
712 2067 877 2112 Balderi
906 2075 1194 2129 comparetur,
1223 2084 1316 2128 quae
1341 2086 1439 2115 om-

80 2149 194 2193 nium
229 2149 454 2193 herbarum
490 2148 776 2193 candidissima
814 2155 907 2207 est3
944 2149 1055 2194 unde
1092 2151 1438 2210 pulchritudinem

81 2230 186 2290 ejus,
224 2237 308 2274 tam
343 2228 458 2288 quod
492 2229 637 2274 attinet
671 2229 721 2274 ad
749 2230 898 2289 crines,
939 2244 1065 2289 quarn
1092 2231 1145 2275 ad
1173 2247 1339 2293 corpus,
1368 2233 1438 2277 in-

79 2311 266 2371 telligere
285 2311 456 2371 poteriS.
510 2311 582 2355 Ille
610 2312 791 2356 Asarum
817 2312 1143 2372 sapientissimus
1173 2321 1257 2373 est,
1296 2321 1338 2359 et
1362 2331 1438 2375 pro

84 2392 362 2452 pulcherrimo
390 2392 582 2451 habitus,
621 2399 663 2437 et
688 2393 1047 2439 clementissimus.
1110 2394 1196 2439 Sed
1222 2396 1437 2455 singularis

84 2472 150 2517 illa
178 2473 215 2517 ei
243 2472 426 2517 adhaeret
450 2480 607 2518 naturae
635 2474 888 2534 proprietas,
914 2480 962 2519 ut
988 2476 1143 2520 nullum
1170 2476 1221 2521 ab
1242 2492 1292 2521 eo
1312 2478 1439 2521 latum

85 2575 137 2619 ¹⁹)
163 2575 219 2608 inn
243 2573 341 2621 gebi,
366 2576 451 2608 add.
480 2576 520 2616 U,
535 2575 706 2619 H.-²⁰)
733 2580 781 2616 at,
807 2578 890 2610 add.
921 2579 1015 2611 756.
1033 2597 1071 2604 -
1089 2578 1139 2622 ²¹)
1166 2589 1235 2612 om.
1266 2579 1319 2619 W,
1347 2580 1440 2612 756.

79 2637 192 2680 ——²²)
217 2638 306 2678 brat,
332 2638 465 2681 mend„
490 2638 603 2681 Re9.;
627 2636 685 2684 viI)
711 2639 772 2671 brai
799 2639 932 2682 Baldrs,
962 2640 1001 2682 U,
1027 2640 1074 2673 H.
1097 2659 1142 2664 —-
1170 2640 1222 2683 ²³)
1249 2640 1337 2683 eptir
1361 2638 1441 2685 Par,

85 2699 178 2732 756.
205 2717 248 2722 -
273 2697 325 2742 ²⁴¹)
350 2699 371 2732 a.
396 2700 481 2740 qdd.
512 2699 566 2740 W,
598 2701 749 2734 756.-
774 2700 827 2744 ²⁵)
854 2701 918 2740 liti,
950 2702 1051 2743 7563
1078 2702 1224 2742 likham‚
1257 2704 1298 2741 U,
1325 2702 1370 2734 H.
1395 2721 1441 2726 —

82 2757 134 2802 ²⁶)
172 2751 257 2801 fisa,
290 2760 346 2803 W,
374 2763 466 2794 756.
494 2782 535 2784 -Π
565 2762 618 2805 ²⁷]
644 2763 702 2797 sic
732 2763 785 2806 W,
817 2764 855 2805 U,
881 2762 957 2805 δᾴς
987 2765 1115 2804 fvgrztr
1142 2763 1252 2803 tutior,
1282 2763 1369 2805 Rey.
1400 2780 1439 2785 ——

85 2820 137 2863 28)
164 2821 242 2863 aigi,
271 2823 320 2863 U,·
348 2822 397 2864 ati,
425 2824 469 2857 H.
