1811 3256
158 258 205 301 C.
232 255 461 302 168-170.
631 273 798 305 anvls
836 273 1056 308 METRICA.
1409 259 1502 306 713

259 394 365 441 168.
434 397 617 441 Metrum
653 394 900 455 antiquum:

287 475 365 521 96.
416 478 483 521 De
517 490 620 535 rege
656 481 846 520 exactum
883 481 947 520 est

415 572 605 616 carmen⁷
642 556 711 616 qui
746 556 829 601 tela
864 563 1080 617 cruentat,

415 653 585 700 quoque
621 642 791 682 auctore
827 637 911 697 lupi

416 719 618 779 sanguine
654 725 789 763 rostra
825 718 1008 764 madent.

413 802 516 846 Haee
551 800 663 845 omni
698 815 846 859 regum

414 881 621 942 praeconia
655 888 847 942 tempore
882 882 1045 940 vivent,

415 964 456 1007 ni
491 968 664 1023 pereant
697 969 844 1022 gentes

416 1051 577 1089 astrave
612 1059 774 1088 summa
808 1050 946 1089 ruant.

257 1154 363 1202 169.
433 1157 641 1215 variatio,
677 1153 979 1216 Balltarlay
1016 1156 1154 1203 dicta:

284 1236 360 1283 97.
415 1237 588 1283 Incubui
626 1239 754 1282 claras
791 1237 935 1283 laudes

415 1319 565 1364 efferre
601 1320 868 1377 monarchae,

413 1408 455 1445 et
490 1406 665 1460 satrapae
701 1399 846 1444 laudes

412 1481 655 1541 exposuisse
691 1481 801 1525 viris.

412 1562 517 1617 Quis
554 1579 696 1623 quaeso
733 1563 940 1623 expositas

413 1645 470 1688 sie
506 1644 650 1688 laudes
687 1643 828 1688 audiet
862 1644 974 1704 ejus7

412 1741 584 1770 munera
620 1725 685 1768 cui
721 1740 831 1769 eurae
999 1713 1001 1716 Α

411 1806 607 1868 donaque
642 1806 757 1865 larga
793 1804 937 1850 dare?

150 1889 265 1932 Inter
299 1888 372 1931 has
407 1887 655 1932 variationes
693 1887 773 1931 hoc
807 1887 1028 1931 discrimen
1064 1887 1271 1946 interest,
1309 1888 1423 1950 quod
1457 1889 1500 1934 in

148 1982 290 2010 mnrno
326 1982 516 2013 ANTlQUo
559 1980 641 2009 una
685 1971 848 2009 tantum
890 1965 1009 2009 litera
1046 1981 1163 2010 serva
1200 1972 1265 2010 est
1299 1966 1339 2010 in
1376 1982 1499 2012 versu

149 2042 283 2102 primo
322 2048 364 2087 et
398 2043 552 2100 tertio,
590 2042 708 2086 litera
743 2058 841 2087 vero
877 2042 1068 2103 princeps
1105 2042 1145 2086 in
1180 2042 1317 2087 medio
1353 2060 1497 2089 versus

149 2119 321 2164 secundi
357 2126 399 2164 et
435 2120 583 2181 quarti.
655 2118 739 2164 Sed
774 2120 813 2163 in
841 2119 1064 2165 variatione
1092 2116 1372 2180 Stat-leals&
1400 2128 1499 2166 sunt

149 2198 242 2242 duae
278 2213 437 2257 servae,
481 2198 598 2242 litera
634 2213 731 2241 vero
768 2196 956 2257 princeps
993 2197 1033 2241 in
1068 2197 1206 2242 medio
1242 2214 1379 2242 versu.
1448 2199 1496 2243 In

148 2275 373 2319 variatione
402 2281 542 2319 autem
570 2271 871 2334 Ballcarlay
907 2274 1009 2320 situs
1045 2290 1259 2320 servarum
1296 2282 1338 2320 et
1364 2275 1497 2321 literae

148 2352 342 2413 principis
378 2352 487 2397 idem
524 2358 613 2411 est,
651 2352 722 2414 qui
756 2352 795 2396 in
832 2358 968 2397 metro
1004 2352 1213 2397 collatato.

251 2464 359 2511 170.
428 2465 561 2511 Melos
598 2464 789 2511 Starkadi
809 2480 819 2510 :

280 2545 358 2593 98.
413 2547 497 2602 Qui
532 2547 699 2596 donant,
726 2562 905 2606 aurum,

409 2625 480 2685 qui
516 2631 678 2669 tentant
713 2624 862 2669 ictibus
900 2640 1054 2683 enses⁷

149 2776 272 2817 timec,-
300 2788 355 2811 ιιι,
382 2776 494 2818 Βεφῑ
528 2776 636 2818 thrir,
665 2779 824 2809 H'clmrt.
859 2795 903 2800 —-
942 2777 975 2819 ⁴)
1003 2777 1135 2809 titulus
1161 2775 1327 2818 maryini
1354 2775 1496 2808 codicis

145 2833 255 2876 Κεφ,
290 2835 414 2867 eadem
441 2844 483 2866 ac
509 2839 618 2867 antea
644 2845 773 2877 mann,
807 2835 1026 2877 adscriptus
1053 2839 1120 2866 est.
