1811 3256
75 247 122 292 C.
160 244 238 292 34.
457 265 757 297 nuniricA'rio
784 264 1041 297 GYLVIANA.
1333 252 1422 298 113

71 386 246 449 pedibus
274 385 378 431 meis
404 386 515 431 indui
535 402 615 430 non
633 385 776 446 patiar.
836 387 1132 445 Reposuerunt
1149 390 1268 449 Asae,
1298 398 1422 437 tcnue

70 469 275 513 vinculum
306 467 599 528 bombycinum
625 466 814 511 celeriter
838 465 889 510 ab
917 482 967 511 eo
1003 467 1213 530 diruptum
1246 471 1315 527 iri,
1352 474 1423 530 qui

71 556 191 594 antea
218 549 399 608 ingentia
423 548 579 592 vincula
615 548 749 591 ferrea
784 547 1076 607 confregisset:
1115 551 1176 595 sin
1211 568 1309 596 vero
1344 554 1423 598 hoc

69 630 275 675 vinculum
311 629 548 690 dirumpere
582 642 663 671 non
687 627 820 686 vales,
858 627 933 672 diis
968 636 1128 675 metum
1155 632 1317 678 adferre
1336 650 1418 679 non

68 712 246 772 poteris,
275 717 400 771 atque
419 717 507 754 tum
528 715 570 753 te
599 708 872 752 exsolvemus.
924 711 1067 771 Lupus
1094 719 1256 758 contra:
1294 715 1327 759 si
1352 732 1420 760 me

68 794 124 838 ita
141 792 370 851 vinxeritis,
390 796 437 835 ut
454 790 541 850 ipse
559 805 626 833 me
646 789 858 835 exsolvere
877 806 1103 852 nequeam,
1131 800 1215 839 tam
1233 796 1419 841 levifidos

66 891 139 919 vos
165 872 430 934 praestabitis,
467 877 513 914 ut
538 885 679 914 serum
705 870 802 914 mihi
837 872 1022 918 futurum
1057 875 1129 933 sit,
1167 877 1361 922 auxilium
1397 895 1419 923 a

67 955 182 1000 vohis
208 954 414 1014 accipere3
450 967 575 1012 quam
601 951 654 996 ob
680 967 771 996 rem
796 952 943 998 invitus
972 956 1095 1015 facio,
1132 964 1179 1002 ut
1196 957 1303 1017 injici
1320 959 1419 1003 mihi

66 1038 146 1082 hoc
163 1036 367 1081 vinculum
384 1033 529 1094 patiar.
597 1032 756 1077 Verum
775 1039 934 1094 tamen,
968 1052 1020 1080 ne
1040 1037 1301 1084 timiditatem
1318 1040 1417 1085 mihi

67 1116 345 1179 exprobretis,
382 1115 527 1175 aliquis
563 1120 748 1159 vestrum
783 1131 949 1161 manum
978 1133 1095 1162 suam
1125 1119 1185 1164 ori
1211 1136 1306 1165 meo
1333 1122 1417 1166 im-

65 1200 220 1258 mittat,
258 1196 438 1258 pignoris
465 1196 579 1254 loco,
625 1197 712 1241 haec
746 1212 768 1241 a
804 1197 917 1242 vobis
943 1198 1030 1243 sine
1057 1199 1152 1244 dolo
1179 1201 1284 1247 fieri.
1337 1203 1418 1248 Hic

63 1281 162 1326 Asae
179 1294 286 1324 unus
311 1277 363 1322 ad
389 1278 562 1322 alterum
587 1285 878 1339 respexerunt,
910 1279 997 1339 jam
1024 1280 1173 1342 duplex
1200 1282 1416 1329 imminere

62 1361 291 1422 periculum
310 1359 612 1417 existimanteS,
639 1374 767 1419 quare
785 1375 909 1404 nemo
928 1376 1095 1407 manum
1115 1363 1232 1408 suam
1249 1365 1415 1410 tradere

61 1442 210 1501 voluit,
238 1441 371 1486 donec
395 1440 563 1485 tandem
588 1442 671 1501 Tyr
698 1440 912 1486 dexteram
938 1459 1105 1489 manum
1131 1460 1249 1490 suam
1273 1447 1415 1507 porri-

61 1523 200 1583 gebat,
226 1528 350 1583 atque
377 1522 417 1566 in
444 1537 489 1566 os
516 1521 599 1582 lupi
624 1522 884 1567 immittebat.
927 1526 1047 1585 Lupo
1073 1532 1211 1571 autem
1237 1528 1413 1588 pedibus

59 1604 288 1663 renitente,
325 1603 531 1648 vinculum
566 1603 715 1647 arctius
743 1604 892 1664 evasit,
931 1612 974 1650 et
1007 1623 1091 1668 quo
1126 1609 1411 1654 vehementius

61 1685 369 1744 obluctabatur,
407 1701 458 1729 eo
487 1684 629 1729 durius
656 1684 989 1746 adstringebatur
1012 1688 1232 1734 vinculum.
1294 1692 1411 1742 Tunc

61 1782 204 1811 omnes
238 1766 441 1825 riserunt,
476 1772 628 1826 praeter
663 1767 837 1827 Tyrem3
873 1768 906 1812 is
933 1784 1101 1814 manum
1120 1786 1238 1815 suam
1256 1772 1406 1816 amisit.

61 1848 165 1892 Cum
192 1862 290 1891 vero
314 1847 412 1891 Asae
445 1848 609 1907 Lupum
643 1848 827 1907 perfecte
861 1849 1040 1894 vinctum
1075 1866 1168 1896 esse
1203 1852 1409 1912 viderent,

58 1928 263 1973 habenam
298 1943 348 1972 ex
382 1927 541 1972 vinculo
576 1934 735 1989 aptam,
777 1930 942 1975 nomine
979 1932 1187 1992 Gelgiam,
1224 1934 1410 1993 prehen-

58 2009 222 2068 derunt,
260 2024 436 2070 eamque
472 2025 547 2070 per
579 2009 789 2069 ingentem
824 2018 998 2071 petram,
1037 2013 1208 2073 Gjallam
1243 2015 1408 2075 dictam,

57 2090 331 2150 trajecerunt,
362 2106 486 2151 quam
512 2096 672 2150 petram
691 2091 731 2135 in
759 2098 914 2137 terram
940 2093 1061 2153 longe
1085 2095 1307 2141 demissam
1327 2096 1408 2142 de-

57 2171 274 2216 stinarunt.
329 2174 437 2216 Tum
466 2178 602 2216 sumto
630 2173 783 2232 ingenti
804 2190 923 2233 saxo,
960 2175 1025 2219 cui
1051 2176 1211 2220 Thvitio
1238 2193 1406 2237 nomen,

57 2253 261 2314 (petram)
290 2253 450 2313 longius
481 2254 521 2297 in
548 2260 703 2299 terram
729 2254 1018 2315 detruserunt,
1048 2271 1184 2318 eoque
1212 2274 1310 2303 saxo
1330 2275 1406 2320 pro

55 2334 171 2380 obice
191 2334 337 2379 vinculi
356 2335 420 2378 usi
440 2341 549 2379 sunt.
610 2337 753 2396 Lupus
771 2335 924 2381 rictum
942 2337 1175 2383 immaniter
1194 2340 1403 2399 distendit,

55 2431 290 2478 corpusque
315 2416 516 2461 violenter
535 2416 693 2476 jactans
721 2433 793 2462 eos
819 2417 1014 2463 mordere
1042 2420 1192 2478 voluit,
1230 2421 1282 2464 illi
1309 2437 1406 2466 vero

52 2577 142 2621 Rey.
169 2589 250 2612 cum
274 2580 372 2623 siylo
399 2580 534 2614 scribit
564 2576 704 2622 fiotrva,
739 2582 847 2624 quasi
872 2583 1079 2626 fiotrunum3
1105 2582 1290 2623 fjtituiinn,
1318 2594 1405 2616 cor-

53 2644 175 2682 rupte,
200 2639 315 2674 Raslc.
341 2660 386 2665 —
415 2640 460 2685 ¹⁰)
488 2642 628 2684 Ginga,
652 2642 699 2675 H.
726 2661 768 2668 —
808 2643 856 2687 ¹⁹)
882 2644 893 2676 ι’
917 2654 1078 2686 gcgnvm,
1105 2646 1158 2678 W.
1183 2664 1225 2669 ——
1250 2644 1299 2688 ²⁰)
1325 2646 1405 2677 fello

53 2700 95 2742 (i.
121 2711 150 2732 e.
177 2702 313 2746 felldo),
327 2704 380 2736 W.
405 2723 449 2727 —
474 2702 526 2746 ²¹)
552 2703 650 2750 lM'ffi’
676 2705 715 2737 S.
741 2724 786 2728 ———
813 2704 863 2748 ²²)
890 2706 947 2738 sic
970 2707 1013 2748 U3
1039 2706 1079 2738 in
1103 2706 1195 2750 Req.
1221 2706 1405 2749 scriptum

53 2761 177 2808 gappit,
202 2764 301 2806 gafti,
330 2765 380 2799 W.
408 2783 452 2789 ——
480 2764 530 2808 ²³)
555 2767 771 2809 gomspanni,
816 2768 857 2801 ΙΙ.
886 2786 931 2791 -
958 2767 1009 2810 ²⁴]
1036 2770 1134 2808 Vtin,
1161 2768 1208 2810 ›S'3
1235 2770 1333 2809 Vam,
1363 2769 1402 2807 l];

51 2823 145 2862 Van,
169 2823 215 2859 H.
1276 2848 1279 2849 ν

1118 2888 1141 2919 8
