1811 3256
113 215 160 259 C.
185 210 257 257 12·
496 229 795 264 mummulo
821 229 1077 262 GYLVIANA.
1399 213 1460 260 59

185 351 257 398 12.
295 353 543 413 Ganglerius
563 366 709 413 porro:
737 351 818 395 cito
839 350 1042 395 curriculo
1063 351 1194 396 fertur
1213 353 1299 411 Sol,
1332 359 1458 414 atque

113 436 170 481 sic
188 436 342 493 ferme,
378 441 426 479 ut
451 434 484 478 si
513 432 666 493 aliquid
701 438 936 489 metueret,
973 447 1111 492 neque
1147 448 1246 477 sane
1283 433 1458 492 gradum

110 517 242 575 magis
263 516 539 573 acceleraret,
560 513 592 557 si
611 518 724 556 metu
745 512 937 556 occisoris
957 513 1135 572 sugeret.
1187 515 1278 558 Har
1295 520 1460 558 contra:

110 597 221 641 haud
239 597 389 641 mirum
409 602 495 654 est,
532 595 565 639 si
591 592 767 653 gradum
795 593 1067 638 vehementer
1093 594 1287 654 corripiat
1297 610 1309 653 5
1336 595 1462 639 instat

111 679 243 738 enim,
288 678 357 739 qui
389 684 513 721 eama
547 674 836 734 persequitur,
873 689 998 735 quam
1026 673 1080 719 ob
1108 691 1198 719 rem
1226 690 1274 719 ea
1299 675 1460 720 nullum

110 759 240 803 habet.
266 757 490 817 effugium,
528 755 603 799 nisi
641 754 832 815 abripere
868 770 961 800 sese
997 756 1217 801 curriculo.
1270 757 1461 801 Perrexit

111 838 383 899 Ganglcrius:
421 837 511 898 quis
547 842 632 895 est,
670 836 740 897 qui
776 836 881 880 hanc
917 837 953 881 ei
989 838 1224 882 molestiam
1260 835 1459 882 facessit?

109 922 221 965 Har:
258 919 339 964 duo
359 918 458 979 lupi,
497 933 676 979 quorum
696 918 765 978 qui
786 932 877 962 eam
897 917 1152 979 insequitur,
1191 919 1360 964 Skollus
1379 934 1460 964 vo-

111 1008 247 1058 catur3
269 1000 378 1044 hunc
396 1000 514 1044 timet
532 999 615 1057 illa,
636 1005 762 1059 atque
782 998 849 1042 ille
869 1006 1118 1060 assequetur
1137 1015 1243 1045 eam.
1274 1000 1358 1056 Qui
1378 1015 1461 1045 au-

110 1090 196 1128 tem
215 1096 306 1126 eam
326 1080 545 1141 praecurrit
562 1086 734 1124 vocatur
750 1080 915 1139 Hatius,
936 1080 1227 1126 Hrodvitneris
1259 1081 1391 1139 filius;
1428 1082 1461 1127 is

111 1164 251 1208 lunam
277 1177 426 1222 rapere
446 1161 615 1221 cogitat,
646 1160 686 1205 id
713 1160 825 1221 quod
845 1161 1029 1206 futurum
1049 1162 1140 1207 erit.
1184 1164 1290 1207 Tum
1312 1163 1462 1223 Gang-

111 1243 260 1288 lerius:
298 1258 489 1304 quaenam
510 1249 573 1286 est
599 1242 716 1301 origo
738 1243 887 1286 horum
907 1242 1136 1303 luporum?
1171 1245 1287 1289 Har:
1326 1245 1462 1290 Oreas

111 1325 246 1385 aliqua
265 1324 419 1384 sylvam
438 1323 593 1382 incolit,
614 1322 857 1367 Jarnvidum
871 1322 1050 1383 (sylvam
1071 1324 1272 1384 ferream)
1294 1324 1461 1385 dictam,

112 1405 164 1450 ab
182 1406 355 1466 regione
374 1403 582 1464 Midgardi
600 1404 641 1448 in
661 1404 866 1448 orientem
885 1419 1062 1464 versam,
1093 1422 1173 1466 qua
1193 1407 1233 1450 in
1262 1407 1374 1467 sylva
1397 1408 1463 1452 se-

111 1479 233 1531 min'if,
245 1486 450 1546 gigantes,
466 1484 583 1529 dictae
593 1484 829 1543 Jarnvidiae,
844 1484 1045 1531 habitant.
1059 1488 1235 1532 Vetusta
1248 1488 1315 1533 illa
1327 1490 1462 1534 Oreas

111 1567 217 1612 filios
236 1567 342 1627 parit
361 1567 593 1627 complures
614 1566 820 1626 gigantes,
843 1572 967 1627 atque
987 1583 1131 1613 omnes
1152 1569 1282 1614 forma
1302 1570 1462 1630 lupina3

113 1654 156 1692 et
191 1662 240 1692 ex
267 1647 329 1691 his
358 1646 618 1692 descendunt
643 1647 728 1707 lupi
754 1647 833 1692 isti.
889 1647 1098 1707 Tradunt,
1130 1665 1179 1694 ex
1207 1651 1282 1695 hac
1312 1651 1463 1695 familia

113 1727 412 1773 descensurum
456 1728 660 1789 aliquem,
705 1736 941 1773 ceterorum
958 1729 1108 1776 ,multo
1143 1731 1462 1791 validissimum,

113 1809 429 1868 Managarmum
450 1808 627 1853 dictum:
662 1809 695 1854 is
715 1809 911 1869 impletur
930 1809 1009 1854 vita
1028 1811 1211 1856 omnium
1231 1812 1462 1872 hominum,

56 1903 61 1914 ·
114 1890 185 1951 qui
204 1890 459 1947 moriuntur,
497 1889 607 1934 idem
626 1890 765 1934 lunam
786 1889 980 1949 devorat,
1002 1892 1237 1954 coelumque
1257 1900 1299 1938 et
1318 1910 1463 1940 omnes

114 1971 221 2016 aeris
248 1971 441 2030 regiones
470 1971 671 2030 sanguine
700 1970 939 2031 adspergit,
968 1972 1080 2017 unde
1108 1974 1169 2018 sol
1197 1974 1465 2035 splendorem

114 2067 237 2097 suum
279 2052 449 2110 amittit,
499 2052 609 2096 venti
652 2052 864 2097 instabiles
909 2060 1006 2098 sunt
1048 2060 1090 2100 et
1131 2055 1242 2100 ultro
1277 2056 1465 2118 citroque

114 2133 310 2178 fremunt.
365 2133 432 2178 Sic
450 2132 711 2178 habet-Valae
731 2134 988 2179 vaticinium:

373 2243 549 2289 Habitat
583 2243 636 2288 ad
670 2243 875 2289 orientem
907 2251 1073 2291 vetusta
1109 2246 1178 2291 illa

375 2325 416 2369 in
453 2324 650 2370 Jarnvido
688 2325 823 2386 (sylva
859 2325 1045 2386 ferrea),

376 2406 517 2468 ibique
537 2412 731 2467 procreat

375 2489 410 2532 F
413 2487 570 2533 enreris
607 2487 853 2548 progeniem
873 2486 1068 2550 (lupos);

116 2629 258 2662 manna,
302 2622 351 2661 U,
391 2620 438 2654 H.
473 2640 512 2644 —
557 2620 606 2665 ¹²)
634 2632 699 2660 en,
732 2623 788 2656 W.
814 2643 858 2647 -—
889 2622 936 2667 1³)
962 2623 1121 2662 himinin‚
1154 2626 1201 2666 U,
1230 2626 1288 2666 H,
1327 2635 1395 2658 om.
1422 2625 1466 2657 ok

116 2680 188 2724 lopt
212 2681 270 2714 ϋΙΙ.
295 2699 339 2706 -
369 2681 419 2725 14)
445 2680 510 2728 pa,
542 2684 587 2723 U,
615 2683 672 2726 H,·
692 2684 740 2725 af,
767 2685 850 2718 add.
881 2685 935 2718 W.
961 2705 1006 2710 —
1035 2685 1082 2729 ¹⁵)
1109 2698 1130 2719 a
1157 2685 1245 2729 [om.
1277 2687 1324 2727 U,
1351 2686 1398 2719 H.
1423 2703 1468 2708 —-

122 2740 172 2785 ¹⁶)
199 2753 316 2785 arma,
349 2743 396 2783 U,
432 2745 471 2775 Π.
503 2742 548 2786 ¹⁷)
574 2744 777 2786 JcirnvfflJu,
811 2747 866 2779 W.

200 2803 248 2847 a).
272 2814 311 2836 ο.-
336 2804 480 2847 Solem,
519 2816 603 2840 nam
629 2806 698 2841 Sol
721 2808 754 2840 h.
783 2809 806 2841 l.
833 2818 907 2842 non
942 2813 999 2842 est
1022 2817 1135 2841 masc.
1161 2818 1262 2850 qam,
1289 2808 1355 2840 secl
1379 2806 1466 2848 fem.
