1811 3256
116 242 163 285 C·
190 238 419 286 145-146·
606 259 775 293 anv1s
813 259 1033 293 ME'rch.
1369 244 1462 289 (387

376 381 614 442 compositae
650 382 701 426 de
737 381 929 442 prudenti

375 477 622 507 mucronum
659 462 833 522 fragoris
869 462 1137 508 aestimatore.

376 542 545 588 Cordati
582 546 716 603 poetae
745 543 978 602 juvenum,

374 623 608 668 liberalium
643 623 873 684 principum

374 705 558 750 officium
594 710 682 763 est,
718 705 975 749 mentionem
1011 706 1148 751 facere

373 786 688 846 magnificorum
724 786 906 847 dynasta}
942 786 1152 833 itinerum.

112 869 158 913 In
194 868 271 913 hac
306 868 531 912 variatione
568 883 711 912 versus
747 867 904 927 primus
942 874 983 912 et
1010 869 1156 914 tertius
1185 869 1342 916 habent
1370 872 1460 933 syl-

110 951 224 995 labas
245 950 504 994 harmonicas
524 949 787 1008 semiplenas,
808 948 935 993 literis
955 950 1135 994 metricis
1155 949 1206 994 ad
1224 953 1461 1013 exemplum

111 1031 233 1076 metri
262 1030 439 1075 collatati
470 1029 711 1090 dispositis,
756 1030 795 1073 in
824 1030 972 1074 ceteris
1003 1030 1278 1076 observantur
1304 1034 1461 1093 regulae

110 1113 232 1158 metri
258 1111 465 1173 producti.
534 1112 580 1155 In
602 1110 793 1155 omnibus
813 1110 935 1154 metri
955 1110 1146 1170 producti
1166 1113 1459 1159 variationibus

112 1194 252 1239 vitium
282 1209 364 1238 non
395 1199 472 1251 est,
510 1192 693 1252 singulos
722 1207 866 1236 versus
895 1191 1259 1253 quinquesyllabos
1281 1209 1390 1253 esse,
1428 1196 1460 1240 si

112 1274 302 1336 quaedam
339 1273 503 1334 syllabae
539 1273 619 1317 sint
653 1272 801 1317 breves
840 1279 882 1317 et
916 1273 1090 1317 celeres.
1168 1273 1215 1317 Id
1251 1275 1461 1334 peculiare

111 1355 241 1400 habet
282 1361 464 1400 metrum
512 1353 759 1414 productum
804 1354 1173 1413 encomiasticum,
1213 1361 1267 1399 'ut
1304 1356 1460 1416 primus

112 1452 257 1482 versus
300 1452 323 1480 a
367 1435 571 1480 sententia
616 1434 849 1479 intercalari
886 1435 1080 1496 incipiat,
1127 1452 1219 1497 quae
1255 1437 1460 1482 sententia

111 1519 152 1563 in
185 1517 330 1562 ultimo
366 1516 557 1561 carminis
595 1532 717 1561 versu
759 1516 1048 1574 concluditor3
1101 1517 1280 1578 licetque
1325 1521 1462 1578 poe'tae

111 1605 215 1661 quot
232 1598 359 1644 libeat
377 1613 572 1642 versuum
593 1598 899 1643 intercalarium
920 1598 1119 1642 classibus
1140 1613 1306 1642 carmen
1326 1598 1462 1642 inter-

112 1681 355 1740 stinguere,
401 1695 577 1740 quarum
613 1679 792 1738 singulas
829 1679 915 1739 pari
952 1695 1046 1724 esse
1081 1678 1370 1739 longitudine,
1415 1686 1463 1724 ut

112 1761 335 1823 plurimum
371 1759 629 1805 consvetudo
658 1761 763 1819 sert,
809 1759 882 1804 sed
911 1776 1089 1822 quaeque
1119 1759 1259 1805 classis
1290 1775 1312 1804 a
1340 1775 1462 1805 versu

112 1842 342 1888 intercalari
379 1841 545 1902 incipito
583 1848 624 1886 et
660 1840 840 1886 eundem
877 1828 1071 1886 (lesinito.

216 1953 322 2001 146.
393 1954 593 2015 Sequitur
627 1954 796 1998 variatio
835 1953 1150 1999 Graenlandica:

244 2039 321 2085 71.
376 2038 481 2084 Auri
517 2037 757 2083 deminutor

374 2136 528 2165 saevum
563 2120 689 2164 maris
724 2119 932 2165 tramitem

373 2200 539 2246 volubili
573 2200 696 2246 Hakii

374 2297 484 2343 equo
520 2281 726 2342 percurrit
745 2296 756 2326 ε

109 2462 264 2496 peram,
303 2450 439 2493 fragm.
464 2449 529 2482 Slc.
565 2469 608 2472 —-
651 2449 699 2492 ¹⁴)
725 2449 782 2482 sic
807 2460 838 2482 3.
864 2450 1020 2498 snespir,
1058 2450 1174 2494 Req.,·
1211 2451 1355 2491 sneffia,
1397 2453 1462 2493 lv,-

111 2513 257 2552 sverba,
294 2512 431 2554 fraqm.
456 2512 522 2543 Sk.
549 2530 590 2534 -—
630 2511 677 2554 ¹⁵)
705 2511 891 2553 living-fak,
917 2511 1054 2554 sraym.
1080 2512 1168 2554 Sk.,·
1206 2513 1387 2554 linig-sar,
1414 2512 1461 2555 S,

114 2579 309 2618 utrumque
336 2577 525 2616 corrupte.
551 2591 595 2596 ——-
630 2570 679 2614 ¹⁰)
706 2573 763 2605 sic
790 2574 853 2615 W,-
889 2574 1017 2615 hraka,
1043 2573 1180 2617 fraym-
1206 2574 1298 2616 Sk.,·
1334 2574 1461 2614 hnara,

111 2635 164 2678 S,
192 2637 296 2668 nullo
325 2634 510 2668 commodo
537 2643 675 2676 sonant,-
709 2634 750 2666 in
775 2635 865 2678 Rey.
892 2635 974 2668 hafn
999 2640 1178 2668 vmceacum
1204 2646 1287 2670 esse
1311 2635 1463 2668 videtur

111 2697 152 2729 in
178 2697 283 2729 haka.
309 2715 354 2720 —
384 2695 434 2738 ¹⁷)
459 2695 593 2738 gleipa‚
628 2706 849 2739 perperam,
881 2696 1018 2740 fraqm.
1043 2696 1108 2729 Sk.
